2978 4950
156 272 197 338 48

156 440 265 529 pellat,
287 440 465 505 orationem
489 439 656 522 convertit,
678 439 794 502 iterum
810 459 892 521 eum,
915 437 1008 524 quasi
1030 434 1135 500 nullus
1155 437 1224 520 jam
1239 449 1329 504 esset

157 543 298 626 Xuthus,
320 543 354 606 in
377 542 466 626 regio
490 538 568 605 solio
591 539 756 604 considere
770 539 881 626 jubet:

473 663 520 746 εἰς
541 661 680 752 θρόνους
702 659 733 730 δ’
745 665 815 746 ἵζου
836 661 1011 745 παλαιούς,

157 796 208 859 cui
230 795 283 858 ille
304 792 478 880 respondet

473 911 567 1000 άξιον
588 914 625 985 τὸ
644 915 750 1006 κτῆμά
771 942 840 1002 μοι,
1151 920 1234 983 1618

159 1051 228 1134 ipse
258 1068 386 1133 quoque
409 1049 524 1111 misere
555 1046 672 1112 oblitus
702 1045 814 1113 Xuthi.
864 1045 972 1126 Quam
1004 1067 1082 1109 vero
1112 1045 1218 1109 aliena
1248 1055 1330 1110 sunt

157 1150 258 1214 verba
280 1150 348 1233 ejus
369 1171 390 1213 a
412 1146 568 1212 cothurno
588 1149 783 1233 tragicorum
806 1148 991 1233 poetarum!
1035 1147 1201 1212 Postremo
1232 1145 1329 1211 chori

157 1250 307 1315 mulieres
331 1249 448 1314 omissa
470 1248 635 1332 Minerva,
660 1272 741 1334 quae
764 1249 947 1313 discessisse
969 1249 1115 1328 videtur,
1138 1247 1329 1335 Apollinem

159 1351 258 1434 illum,
281 1351 331 1413 cui
355 1352 389 1414 in
412 1361 618 1435 conspectum
647 1373 776 1415 suorum
807 1351 939 1435 prodire
969 1374 1033 1415 non
1060 1349 1196 1437 placuit,
1227 1371 1329 1435 quem

158 1475 263 1537 neque
285 1446 344 1516 lon
372 1473 477 1537 neque
502 1449 624 1517 Creusa
649 1453 753 1538 ipsum
775 1451 904 1516 allocuti
935 1463 1043 1535 erant,
1071 1451 1331 1517 venerabundae

157 1554 414 1636 valere*jubent:

202 1686 227 1763 ὦ
249 1693 333 1774 Διὸς
355 1698 490 1783 Λητοῦς
510 1688 540 1759 τ’
564 1685 740 1770 Ἄπολλον,
759 1688 869 1779 χαῖρ’·
894 1692 957 1783 ὅτῳ
981 1688 1014 1762 d'
1040 1693 1208 1763 ἐλαύνεται

201 1803 387 1886 συμφοραῖς
410 1790 511 1876 οἶκος,
532 1795 670 1879 σέβοντα
694 1796 854 1879 δαίμονας
875 1802 1015 1882 θαρσεῖν
1036 1793 1152 1882 χρεών
1239 1799 1330 1862 1620

201 1897 249 1977 εἰς
269 1899 363 1976 τέλος
385 1895 445 1984 γάρ
469 1897 502 1964 οἱ
524 1897 584 1980 μὲν
606 1894 726 1963 ἐσθλοὶ
748 1895 961 1984 τυγχάνουσιν
979 1898 1089 1982 ἀξίων,

203 1999 234 2068 oi
258 2001 357 2068 κακοὶ
381 1995 426 2084 d',
447 1994 557 2084 ὥσπερ
578 1992 756 2085 πεφύκαά,
781 1994 897 2068 οὔποτ’
917 1990 951 2067 εὖ
972 1996 1133 2086 πράξειαν
1153 1990 1199 2064 άν.

245 2146 337 2227 Quae
359 2147 413 2231 qui
429 2144 552 2229 legerit,
574 2167 680 2209 nonne
698 2147 871 2231 permirum
893 2149 921 2211 ei
937 2146 1109 2230 videbitur,
1130 2145 1192 2208 hoc
1215 2143 1329 2207 dicere

160 2249 297 2312 eundem
319 2248 468 2328 chorum,
499 2248 552 2330 qui
576 2246 637 2311 hac
658 2248 728 2333 ipsa
750 2250 782 2311 in
805 2247 914 2312 fabula
937 2248 1075 2333 quodam
1096 2248 1190 2311 ruodo
1213 2244 1326 2330 exple·

157 2352 242 2414 verit
272 2372 325 2414 eas
355 2360 478 2434 partes,
510 2371 589 2434 quas
611 2351 804 2434 praescribit
826 2349 923 2414 choro
946 2350 1137 2415 Aristoteles
1167 2348 1214 2430 (in
1237 2359 1326 2434 poet

157 2475 185 2516 c.
208 2453 273 2535 18),
294 2449 410 2534 μορίαν
432 2442 518 2516 εἶναι
538 2454 595 2516 τοῦ
618 2443 695 2514 ὅλου
718 2449 775 2514 καὶ
799 2449 1094 2533 συναγωνίζεσθαι,
1124 2451 1181 2536 qui
1208 2447 1325 2513 volun·

161 2563 259 2618 tatem
280 2554 332 2616 dei
354 2552 494 2634 eluserit,
517 2552 646 2617 oraculo
662 2551 823 2637 Apollinis
843 2554 966 2637 primns
988 2553 1089 2617 fidem'
1103 2551 1326 2635 denegaverit,

159 2660 203 2740 (v.
228 2656 321 2738 686),
352 2654 394 2718 ad
425 2653 679 2738 interficiendum
708 2654 818 2718 Ionem
847 2655 1006 2739 hortatus,
1035 2667 1071 2719 ut
1092 2652 1225 2718 caedere
1249 2673 1325 2714 eum

159 2758 367 2840 contingeret,
386 2766 536 2841 precatus
559 2757 600 2819 sit
622 2757 666 2838 (v.
684 2757 797 2840 1050)1
834 2758 880 2820 At
896 2757 985 2820 chori
1009 2777 1135 2843 quoque
1150 2754 1324 2819 mulierum

158 2869 280 2923 mentes
302 2861 420 2921 mirum
449 2857 482 2920 in
502 2857 632 2921 modum
655 2859 807 2923 videntur
836 2881 1020 2922 conversae.
1074 2857 1184 2922 Unum
1204 2866 1325 2921 sautem

159 2958 245 3025 nullo
266 2960 361 3025 modo
384 2958 459 3022 licet
481 2981 616 3043 negare,
647 2958 727 3023 duos
750 2970 927 3044 postremos
949 2983 1062 3025 versus
1084 2962 1118 3024 in
1140 2959 1204 3024 fine
1226 2959 1325 3044 hujus

159 3060 289 3146 quidem
311 3058 439 3125 fabulae
463 3061 549 3123 omni
571 3083 681 3124 carere
703 3083 806 3127 sensu.
850 3061 932 3125 Nam
964 3064 989 3128 si
1011 3063 1129 3127 chorus
1151 3083 1237 3125 nunc
1260 3059 1325 3124 sibi

158 3164 331 3249 persuasit,
353 3185 462 3227 omnes
486 3184 555 3226 esse
577 3163 710 3248 probos,
740 3164 887 3229 Xuthum
910 3174 995 3228 certe
1025 3156 1128 3245 ἀξίων
1154 3158 1325 3248 τυγχάνειν

159 3287 223 3329 non
245 3274 351 3350 potest
374 3265 491 3329 dicere.
546 3263 614 3329 Scit
637 3268 720 3329 enim
744 3266 817 3330 huic
847 3287 973 3351 quoque
1002 3267 1070 3332 fore
1100 3265 1234 3341 liberos;
1264 3265 1324 3330 sed

158 3388 199 3431 ne
223 3366 284 3431 hoc
307 3365 437 3451 quidem
459 3388 531 3429 eum
559 3363 656 3451 fugit,
679 3390 752 3431 eum
775 3369 938 3432 etiamtum
962 3389 1031 3432 esse
1061 3369 1101 3433 de
1130 3369 1192 3433 hac
1214 3389 1250 3433 re
1271 3389 1322 3431 ce·

158 3467 299 3534 landum.
343 3469 440 3532 Vana
462 3479 567 3532 autem
595 3467 651 3531 illa
682 3471 788 3554 opinio
818 3492 881 3533 non
905 3473 1015 3556 'potest
1048 3472 1111 3536 dici
1137 3469 1272 3534 bonum:
1302 3461 1323 3557 ἡ

159 3564 295 3655 δόκησις
315 3564 509 3651 ἀνθρώποις
530 3565 639 3648 κακόν,
658 3571 736 3634 dicit
754 3570 927 3658 Euripides
943 3574 977 3637 in
991 3574 1102 3655 Auges
1117 3573 1230 3656 fragm.
1246 3572 1321 3637 279.

160 3673 346 3736 Postremus
370 3684 476 3737 autem
500 3695 626 3755 versus,
655 3675 710 3757 qui
733 3674 760 3736 si
783 3675 1020 3758 comparaveris
1041 3674 1138 3739 Herc.
1162 3674 1183 3740 f.
1207 3697 1235 3739 v.
1260 3674 1323 3739 727

158 3770 329 3857 προσδόκα
357 3773 394 3837 δὲ
416 3774 501 3859 ὁρῶν
522 3778 631 3852 κακῶς
653 3771 754 3841 κακόν
773 3800 805 3839 τι
829 3773 976 3860 πράξειν,
999 3775 1051 3839 vel
1074 3775 1172 3862 Soph.
1190 3774 1241 3842 El.
1259 3775 1324 3840 970

160 3872 278 3940 ἔπειτα
301 3869 346 3954 δ’,
378 3869 489 3960 ὥσπερ
514 3873 646 3965 ἐξέφυς,
671 3873 829 3962 ἐλευθέρα
851 3878 946 3942 καλεῖ
965 3872 1002 3942 τὸ
1025 3872 1153 3955 λοιπόν,
1177 3899 1217 3943 no
1244 3878 1324 3942 satis

160 3976 289 4063 quidem
313 3975 473 4041 dilucidus
496 3976 676 4061 videbitur,
697 3989 868 4063 propterea
887 3981 993 4043 minus
1018 3991 1111 4064 aptus
1141 3990 1204 4061 est,
1235 3979 1324 4065 quod

159 4101 201 4141 ex
224 4079 370 4143 omuibus
393 4075 522 4141 fabulae
553 4079 699 4165 personis
729 4101 888 4143 nonnam
912 4082 1040 4167 quidem
1063 4081 1178 4146 chorus
1203 4082 1323 4166 impro-

160 4180 233 4244 bam
256 4178 419 4265 appellare
440 4190 551 4265 potest.
619 4257 622 4264 Α
