2978 4950
201 291 240 354 16

198 459 284 523 binis
306 457 442 521 senariis
469 457 650 539 interrogat
676 452 825 536 chorum,
855 451 908 518 hic
936 453 1070 517 totidem
1092 455 1226 518 senariis
1250 466 1367 538 quater

199 558 385 644 respondet,
415 568 528 642 quater
556 555 695 640 denique
725 554 830 618 tristes
860 554 950 618 chori
979 556 1108 618 nuntios
1130 556 1298 640 excipiunt
1320 555 1365 620 la-

198 661 411 725 mentationes
441 657 581 723 Creusae
616 654 772 722 dochmiis
803 656 1008 741 compositae,
1059 655 1109 720 Ne
1141 654 1201 720 hoc
1235 656 1367 740 quidem

198 761 415 838 reconditum,
446 767 591 845 poetam,
620 767 656 821 ut
685 778 748 841 quo
771 758 904 843 propius
931 755 1047 849 chorus
1069 756 1237 821 accederet
1266 758 1309 820 ad
1331 759 1366 822 id

198 862 284 948 quod
305 863 518 925 tristissimum
535 858 675 924 Creusae
698 857 827 923 videtur
849 857 972 922 oraculi
988 857 1207 942 aperiendum,
1226 881 1264 923 eo
1280 881 1365 923 com·

197 964 364 1028 motionem
393 961 592 1025 describeret
614 962 683 1042 ejus
705 962 863 1042 animum,
892 960 1021 1023 auxisse
1044 981 1212 1023 numerum
1234 960 1363 1046 pedum.

196 1065 311 1149 Itaque
334 1064 412 1149 quin
426 1063 517 1126 initio
533 1061 582 1126 bis
598 1083 668 1125 eam
683 1059 910 1124 lamentantem
926 1059 1038 1124 fecerit
1052 1059 1185 1144 singulis
1200 1063 1365 1144 trimetria,

197 1168 254 1230 vix
276 1173 471 1250 potestesse
494 1162 637 1226 dubium.
683 1160 724 1225 V.
746 1163 831 1237 enjm
855 1162 917 1226 776
946 1160 1055 1227 addito
1083 1162 1184 1227 altero
1208 1158 1323 1240 ἔλακες
1345 1186 1366 1226 a

198 1265 342 1330 Seidlero
366 1264 532 1328 restitutus
555 1273 618 1341 est3
642 1263 724 1327 alter
749 1272 856 1326 autem
879 1264 1022 1327 trimeter

401 1391 474 1466 πῶς
495 1386 578 1474 φῄς,·
600 1385 728 1476 ἄφατον
751 1380 878 1476 ἄφατον
900 1381 1080 1474 ἀναύδητον
1258 1394 1319 1457 782

401 1484 498 1574 λόγον
521 1489 595 1571 ἐμοὶ
615 1492 744 1574 θροεῖς,

197 1658 217 1699 a
238 1633 415 1714 Badhamo,
437 1635 488 1697 cui
510 1632 656 1719 plerique
677 1633 904 1717 assentiuntur,
927 1634 973 1699 ita
993 1644 1156 1700 correctus
1176 1645 1234 1714 est,
1254 1646 1290 1700 ut
1304 1659 1364 1722 pro

196 1736 297 1800 altero
327 1725 455 1821 ἄφατον
483 1734 609 1819 legatur
638 1725 773 1821 ἄρρητον
794 1735 845 1800 vel
873 1727 1049 1823 ἄφραστον.
1094 1735 1264 1821 Reliquam
1287 1759 1363 1823 que-

196 1836 335 1902 relarum
358 1835 500 1901 Creusae
522 1849 644 1922 partem
668 1835 852 1901 Badhamus
876 1839 921 1901 sic
944 1839 1119 1924 disposuit,
1145 1848 1181 1902 ut
1201 1837 1294 1904 binos
1317 1840 1363 1902 di-

195 1948 313 2002 metros
336 1949 513 2022 sequantur
536 1936 653 2021 singuli
674 1939 786 2003 cretici
802 1949 834 2003 et
855 1938 1003 2004 dochmii.
1042 1940 1089 2004 Ut
1103 1947 1209 2004 autem
1224 1942 1363 2006 creticus

195 2063 269 2105 cum
292 2040 440 2105 dochmio
469 2040 660 2125 conjunctus
681 2040 768 2103 haud
789 2063 864 2105 raro
885 2041 1058 2119 invenitur,
1080 2044 1127 2105 ita
1149 2041 1209 2106 hoc
1232 2042 1363 2126 quidem

195 2142 265 2209 loco
288 2143 357 2206 veri
377 2140 512 2206 similius
533 2140 671 2224 videtur,
692 2142 826 2226 integris
850 2140 1019 2227 dochmiis,
1041 2152 1210 2221 mantea,
1233 2154 1362 2230 poetam

196 2266 290 2308 usum
320 2266 399 2309 esse.
446 2243 484 2306 In
514 2267 545 2311 v.
576 2251 683 2306 autem
705 2242 767 2306 799
794 2243 828 2304 in
857 2240 958 2308 altero
988 2244 1097 2308 codice
1127 2247 1277 2310 omissum
1315 2257 1365 2312 est

196 2343 388 2410 vocabulum
404 2343 512 2432 φίλαι,
535 2344 621 2429 quod
645 2365 839 2430 quamquam
859 2345 989 2409 minime
1011 2356 1058 2409 est
1079 2348 1233 2432 ineptum,
1255 2360 1364 2414 tamen

195 2446 264 2511 lieri
288 2455 409 2531 potest,
438 2457 474 2511 ut
502 2469 522 2510 a
549 2445 681 2509 librario
708 2446 845 2530 quadam
877 2448 918 2511 sit
939 2448 1084 2513 additum
1114 2449 1156 2512 ad
1179 2450 1362 2536 exemplum
1427 2464 1430 2467 ’

193 2573 225 2613 v.
243 2551 314 2614 764.
354 2547 419 2612 Sed
442 2549 705 2633 rectecmissum
728 2549 908 2634 putaverim
931 2571 1004 2612 cum
1021 2548 1195 2615 Badhamo.
1232 2551 1362 2618 Deinde

194 2651 222 2715 si
250 2640 322 2714 οἷον
351 2647 429 2713 falso
454 2649 505 2713 bis
534 2649 602 2714 esse
633 2653 788 2735 scriptum
819 2651 992 2734 putaveris,
1020 2661 1056 2716 ut
1084 2653 1117 2715 in
1139 2676 1169 2717 v.
1195 2653 1255 2719 767
1279 2654 1362 2720 falso

193 2752 243 2817 bia
266 2752 464 2836 scripserunt
487 2747 611 2831 ἔτυπεν,
635 2751 804 2816 dochmius
825 2754 887 2816 erit
905 2754 1039 2837 integer,
1062 2753 1157 2818 modo
1179 2754 1302 2821 scribas

565 2885 657 2959 οἷον
679 2887 777 2976 ἄχος
800 2891 942 2972 ἔπαθον,
1254 2901 1316 2964 799

193 3048 341 3124 correpta
364 3036 493 3121 quidem
515 3039 550 3101 in
573 3031 645 3103 οἷον
666 3038 793 3125 syllaba
814 3041 927 3126 prima,
951 3040 991 3104 de
1015 3061 1080 3125 qua
1101 3062 1136 3104 re
1156 3063 1185 3103 v.
1200 3040 1238 3107 R.
1253 3041 1360 3112 Klotz.

193 3140 244 3204 De
266 3161 352 3204 num.
376 3139 561 3204 dochmiaco
585 3139 652 3205 obs.
675 3165 706 3226 p.
731 3145 781 3207 20.
1143 3145 1146 3151 ’

277 3242 316 3305 In
346 3264 375 3307 v.
400 3250 507 3306 autem
535 3242 597 3307 789
627 3254 659 3307 et
682 3244 744 3307 790
772 3244 908 3308 dimeter
937 3244 998 3307 erit
1027 3256 1122 3329 atque
1149 3247 1303 3327 trimeter,
1332 3248 1361 3311 si

191 3344 307 3430 legeris

347 3462 501 3529 ὀτοτοτοῖ·
524 3457 561 3528 τὸ
586 3462 614 3526 δ’
639 3457 717 3544 ἐμὸν
737 3456 868 3529 ἄτεκνον
891 3456 1023 3531 ἄτεκνον
1045 3461 1179 3549 ἔλοβ-
1253 3468 1316 3534 789

345 3589 379 3630 εν
401 3557 466 3648 ἄρα
488 3561 599 3646 βίον,
623 3559 743 3651 ἐρημίᾳ
765 3566 794 3631 d'
817 3560 978 3652 ὀρφανοὺς

345 3660 466 3747 δόμους
488 3661 620 3752 οἰκήσω,

190 3823 263 3864 cum
286 3802 319 3863 in
341 3799 441 3866 altero
465 3802 548 3867 libro
578 3796 711 3868 ἄτεκνον
739 3799 871 3871 ἄτεκνον
899 3801 1013 3888 ἐλαβεν
1036 3797 1100 3892 dicu
1122 3804 1235 3890 βίοτον
1257 3811 1360 3895 scrip-

191 3913 258 3966 tum
292 3904 350 3986 sit,
384 3905 416 3966 in
450 3903 551 3968 altero
585 3896 717 3970 ἷίτεκνον
750 3921 800 3971 ter
831 3909 978 3995 positum.
1023 3908 1098 3973 Uno
1127 3908 1206 3992 loco,
1236 3909 1357 3975 Troad.

190 4027 220 4067 v.
243 4004 303 4068 471
328 4003 469 4086 ὁοοτοχῆ
490 4003 577 4090 λάβῃ
599 4000 696 4091 τύχην
717 4009 847 4074 videtur
869 4010 1095 4094 demonstrari,
1124 4033 1189 4076 non
1211 4033 1281 4076 esse
1303 4035 1357 4077 ne-

190 4105 328 4169 cessario
351 4104 556 4170 scribendum
580 4101 703 4189 ἔλαχεν.

275 4205 449 4272 Difficilior
471 4218 577 4274 autem
598 4230 650 4272 res
673 4219 721 4275 est
742 4212 774 4274 in
792 4233 830 4275 ea
844 4221 936 4298 parte
952 4214 1112 4296 carminis,
1128 4235 1191 4298 qua
1206 4213 1358 4301 querelae

191 4305 333 4373 Creusae
357 4313 571 4394 continentur,
594 4333 696 4398 eoque
718 4315 829 4397 magis,
853 4313 938 4400 quod
960 4318 1104 4402 exceptis
1126 4339 1155 4381 v.
1169 4316 1231 4381 769
1246 4329 1279 4382 et
1295 4301 1359 4382 770
