2978 4950
534 414 644 500 λαβὼν
665 415 839 501 ἐξαίρετον,

332 513 374 600 ὡς
396 520 442 606 τῷ
464 521 526 605 νέῳ
548 515 587 607 δὴ
611 511 754 602 δεσπότῃ
776 510 871 599 χάριν
894 515 1011 603 φέρων,

335 619 437 688 ἔδωκε
459 621 582 708 πλῆρες
603 623 723 700 τεῦχος,
745 614 791 695 εἷς
813 609 902 682 οἶνον
923 611 1035 697 βαλὼν

333 717 349 789 δ
373 742 457 812 φασι
482 722 595 787 δοῦναι
618 717 792 810 φάρμακον
815 712 1009 806 δραστήριον
1181 717 1262 780 1185

331 826 519 902 δέσποιναν,
544 817 587 902 ὡς
610 827 692 901 παῖς
715 815 732 889 δ
754 822 824 899 νέος
846 818 982 886 ἐκλίποι
1005 812 1107 904 φάος·

329 921 459 1004 κούδεὶς
479 920 553 990 τάδ’
576 918 683 1014 ᾔδειν·

230 1063 358 1130 Deinde
380 1071 491 1126 narrat
505 1061 615 1125 Ionem
631 1061 789 1124 infaustae
811 1060 900 1123 voois
922 1079 1019 1122 eausa
1034 1055 1075 1120 ab
1090 1077 1155 1119 uno
1171 1076 1188 1118 e
1203 1055 1305 1119 servis

144 1167 277 1233 emissae
299 1187 364 1230 non
385 1162 505 1228 bibisse
524 1164 645 1246 viuum,
665 1161 723 1225 sed
743 1163 777 1224 in
798 1168 919 1224 terram
934 1159 1100 1240 effudisse3
1123 1156 1209 1243 quod
1232 1178 1304 1220 eum

143 1265 291 1332 columba
312 1265 486 1339 hausisset,
517 1286 589 1328 eam
619 1265 724 1330 subito
755 1264 832 1328 ortis
856 1260 1117 1327 convulsionibus
1144 1269 1304 1324 mortuam

143 1391 222 1434 esse.
272 1366 369 1431 Unde
391 1366 571 1452 suspicione
595 1365 634 1429 de
666 1386 791 1430 veneno
821 1374 909 1428 mota
935 1364 1046 1428 Ionem
1077 1359 1305 1446 comprehendi

142 1492 250 1537 senem
268 1469 413 1555 jussisse,
435 1466 520 1532 hune
541 1468 666 1531 facinus
688 1466 869 1530 confessum
892 1487 979 1528 esse:

333 1609 435 1706 ὤφθη
459 1617 495 1683 δὲ
516 1617 575 1682 καὶ
595 1612 726 1682 κατεῖπ’
754 1610 976 1698 ἀναγκασθεὶς
997 1608 1093 1697 μόλις
1180 1616 1261 1714 1215

331 1715 454 1802 τόλμας
476 1716 643 1805 Κρεούσης
663 1713 820 1800 πώματός
840 1742 875 1784 τε
892 1712 1046 1805 μηχανάς.

227 1872 310 1936 Tum
325 1893 402 1937 vero
415 1873 526 1937 Ionem
539 1871 740 1956 Delphorum
755 1873 938 1936 convocatis
953 1867 1152 1955 principibus
1167 1868 1304 1932 dixisse:

331 1995 357 2072 ὦ
381 2011 461 2091 γαῖα
483 2005 591 2095 σεμνή,
614 2009 671 2094 τῆς
687 1998 868 2091 Ἐρεχθέως
889 2001 956 2071 δπο
1180 2006 1263 2069 1220

334 2109 424 2195 ξένης
444 2104 595 2192 γυναικὸς
617 2103 825 2194 φαρμάκοισι
847 2101 1040 2192 θνῄσκομεν.

229 2260 376 2325 Eundem
399 2262 498 2346 igitur
528 2262 705 2345 hominem,
741 2282 835 2346 quem
866 2261 973 2325 omnia
1004 2281 1065 2344 quo
1095 2259 1189 2322 modo
1220 2258 1307 2322 faeta

142 2364 207 2428 sint
229 2374 260 2428 et
283 2367 472 2447 cognovisse
494 2373 695 2449 praesentem
717 2373 750 2426 et
764 2384 912 2426 narrasse
927 2361 1131 2425 manifestum
1154 2372 1210 2445 est,
1229 2385 1306 2425 num

143 2463 297 2529 credibile
320 2464 465 2548 videtur,
492 2466 579 2550 quod
600 2468 634 2529 in
656 2490 687 2532 v.
712 2467 794 2530 1185
820 2475 945 2545 narrat,
973 2463 1079 2528 dicere
1108 2465 1250 2549 potuisse
1271 2487 1305 2529 se

142 2567 240 2632 fando
269 2566 456 2632 audivisse?
501 2566 634 2630 Minime
665 2589 750 2633 vero.
798 2565 870 2630 Una
897 2563 1026 2630 literula
1053 2575 1176 2630 mutata
1203 2566 1230 2630 si
1259 2589 1305 2630 re-

141 2670 308 2733 stituemus
332 2662 350 2734 b'
373 2690 493 2753 φησι,
524 2669 625 2732 verba
651 2671 720 2752 ejus
743 2683 774 2734 et
794 2671 879 2732 inter
908 2690 942 2732 se
972 2677 1151 2752 congruent
1179 2679 1305 2733 etcum

143 2771 193 2850 iis,
216 2791 298 2854 quae
320 2770 380 2834 Ion
402 2772 471 2856 ipse
495 2770 577 2834 dixit
598 2795 629 2837 v.
652 2773 745 2836 1220.
790 2769 1066 2836 Commutatorum
1096 2781 1202 2835 autem
1222 2773 1307 2835 inter

142 2895 176 2936 se
198 2871 371 2936 verborum
394 2869 477 2956 φησί
500 2883 532 2935 et
554 2870 640 2957 φασί
662 2895 725 2936 non
748 2872 864 2938 desunt
887 2872 1045 2960 exempla.
1089 2872 1130 2941 V.
1146 2875 1181 2937 in
1196 2873 1304 2938 verbis

142 2974 242 3039 schol.
265 2975 299 3038 in
321 2975 421 3038 Arist.
444 2996 475 3059 p.
499 2975 556 3039 671
584 2974 625 3038 de
646 2974 825 3039 Protesilao
852 2975 963 3040 fabula
985 2975 1163 3061 Euripidea
1191 2976 1225 3038 in
1255 2975 1305 3041 ed.
1326 3005 1328 3009 ¹

143 3075 359 3139 Dindorfiana
380 3076 469 3143 Poet.
494 3075 587 3141 Seen.
612 3074 668 3140 Gr.
689 3099 718 3162 p.
734 3079 806 3145 338.
840 3078 967 3142 Deinde
988 3080 1023 3142 in
1046 3102 1077 3143 v.
1102 3078 1183 3142 1187
1207 3069 1307 3166 ᾔδειν,

144 3176 229 3261 quod
252 3198 310 3262 pro
335 3168 407 3262 ᾔδει
428 3177 583 3243 librorum
607 3201 627 3241 a
648 3178 814 3244 Piersonio
838 3189 885 3243 est
907 3181 1100 3262 rest'tutum,
1122 3203 1185 3244 non
1200 3181 1305 3245 minus

142 3278 307 3342 videbitur
330 3279 446 3349 mirum
462 3280 688 3358 consideranti,
713 3280 789 3364 quid
813 3293 947 3346 naturae
971 3284 1011 3347 sit
1033 3284 1235 3346 conveniens.
1270 3282 1306 3346 Si

143 3381 227 3445 enim
248 3402 314 3443 non
335 3391 443 3466 potest
465 3403 534 3445 esse
556 3380 699 3464 dubium,
722 3384 799 3465 quin
814 3378 892 3448 τάδε
906 3385 1064 3448 referatur
1087 3383 1128 3446 ad
1150 3379 1197 3462 εἰς
1218 3375 1306 3449 οἶνον

142 3473 263 3567 βαλών,
287 3481 348 3544 hoe
362 3504 460 3546 unum
482 3482 591 3548 dicere
606 3495 710 3568 potest
725 3507 847 3568 servus,
867 3485 1132 3550 animadvertisse
1148 3487 1306 3548 neminem

142 3606 304 3649 venenum
336 3606 356 3647 a
378 3606 469 3647 servo
492 3586 668 3648 immissum
691 3607 759 3650 esse
781 3585 905 3671 poculo.
958 3586 1063 3666 Quam
1094 3585 1135 3651 ob
1164 3610 1231 3651 rem
1255 3587 1307 3652 hio

142 3709 271 3773 quoque
292 3685 345 3751 vel
366 3687 499 3748 minima
520 3685 686 3751 literarum
711 3691 887 3753 mutatione
910 3688 962 3753 vel
984 3711 1087 3775 paene
1110 3689 1198 3753 nulla
1227 3713 1305 3776 opus

142 3812 211 3854 esse
226 3801 317 3854 ratus
331 3787 503 3872 legendum
520 3791 716 3873 putaverim:
739 3783 870 3868 κούδεὶς
887 3784 961 3856 τάδ’
988 3781 1023 3856 εἷ
1034 3791 1114 3871 δεν,
1137 3792 1224 3877 quod
1236 3793 1305 3875 jam

142 3891 183 3955 ab
206 3891 428 3956 Herwerdeno
462 3913 532 3955 esse
562 3894 760 3977 propositum
790 3894 895 3961 video.
946 3892 984 3956 In
1008 3918 1037 3959 v.
1060 3893 1198 3980 denique
1223 3897 1301 3959 1221

143 4015 296 4079 praesens
318 3993 390 4056 ideo
413 4015 477 4056 non
500 3994 628 4057 videtur
652 3994 830 4078 ferendum,
853 3996 938 4081 quod
962 3996 1113 4079 effugisse
1136 4017 1170 4059 se
1191 3997 1303 4060 mortis

140 4095 318 4180 perieulum
339 4094 400 4158 Ion
422 4095 497 4172 scit,
529 4098 647 4180 quippe
670 4099 780 4180 quiin
803 4122 832 4161 v.
860 4101 940 4162 1210
962 4098 1222 4178 interrogaverit:
1254 4096 1305 4175 τίς

141 4192 176 4279 μ’
203 4194 335 4280 ἔμελλεν
357 4189 544 4281 ἀνθρώπιον
566 4201 712 4277 κτανεῖν,
742 4198 855 4284 Neque
878 4201 961 4263 enim
985 4209 1021 4262 ut
1035 4199 1191 4263 auxilium
1206 4210 1303 4286 petat,

141 4309 297 4365 convocat
320 4298 477 4385 Delphos,
510 4300 568 4365 sed
600 4311 635 4365 ut
668 4322 733 4364 una
765 4322 837 4365 oum
867 4304 937 4388 ipso
968 4298 1071 4365 scelus
1097 4302 1302 4369 ulciscantur.
