2978 4950
292 404 295 408 ’
313 410 480 497 ἐπώνυμοι
505 416 564 502 γῆς
586 406 793 497 κάπιφυλίου
814 407 935 493 χθονὸς

313 517 401 582 λαῶν
423 512 562 594 ἔσονται,
585 509 748 580 σκόπελον
769 510 805 579 οἳ
825 506 952 580 ναίουσ’
979 511 1064 595 ἐμόν.

317 620 443 684 Τελέων
464 616 525 700 μὲν
547 613 638 681 ἔσται
663 619 804 700 πρῶτος·
828 607 900 680 εἶτα
924 613 1154 701 δεύτερος...

306 713 470 807 Ὅπλητες
488 713 650 806 Ἀργαδῆς
670 711 700 782 τ’
727 716 808 805 ἐμῆς
829 711 858 781 τ’
885 711 947 783 ἄπ’
973 715 1103 803 αἰγίδος
1197 719 1281 784 1580

312 818 457 911 ἔμφυλον
477 812 587 902 ἑ’ξουσ’
611 817 806 906 Αἰγικορῆς·
839 815 871 885 oi
895 821 996 886 τῶνδε
1020 815 1050 887 δ’
1077 810 1118 887 αδ

311 925 431 1002 παῖδες
453 917 614 1006 γενόμενοι
639 917 697 988 σὺν
717 917 822 1008 χρόνῳ
843 923 1049 1009 πεπρωμένῳ

311 1020 489 1103 Κυκλάδας
512 1022 725 1110 ἐποικήσουσι
749 1021 886 1108 νησαίας
907 1019 1021 1104 πόλεις

304 1108 447 1211 χέρσους
467 1150 502 1192 τε
525 1123 702 1210 παράλους,
726 1116 744 1191 δ
765 1124 884 1204 σθένος
904 1128 943 1211 τῇ
964 1123 1027 1214 ἐμῇ
1046 1125 1143 1207 χθονί

313 1228 459 1297 δίδωσιν·
483 1221 699 1314 ἀντίπορθμα
723 1222 754 1293 δ’
780 1226 931 1314 ἠπείροιν
955 1228 1047 1292 δυοῖν
1197 1229 1280 1294 1585

310 1328 414 1397 πεδία
437 1329 697 1416 κατοικήσουσιν,
719 1325 876 1408 Ἀσιάδος
896 1353 931 1395 τε
954 1331 1011 1417 γῆς

311 1428 487 1518 Εὐρωπίας
508 1450 552 1496 τε·
574 1433 669 1498 τοῦδε
692 1426 723 1496 δ’
749 1428 907 1513 ὀνόματος
928 1429 1025 1514 χάριν

300 1524 410 1613 ’Ίωνες
433 1527 671 1617 ὀνομασθέντες
693 1533 822 1615 ἕξουσιν
844 1533 947 1612 κλέος.

243 1668 325 1734 Cum
353 1682 419 1736 tota
447 1669 574 1752 fabula,
606 1671 725 1755 quippe
755 1687 819 1754 qua
840 1672 886 1733 ita
915 1669 1094 1735 celebretur
1117 1671 1323 1737 Atheniensis

159 1770 314 1856 populus,
346 1787 381 1837 ut
413 1771 493 1836 haec
524 1793 667 1857 quoque,
696 1782 733 1835 ut
763 1770 930 1857 Supplices
960 1775 992 1835 in
1022 1781 1227 1857 argumente,
1258 1773 1322 1836 dici

158 1875 259 1959 possit
286 1869 447 1959 ἐγκώμιον
469 1865 667 1958 Ἀθηναίων,
698 1887 765 1938 tum
796 1875 934 1937 maxime
958 1873 1020 1938 lroc
1045 1877 1196 1963 vaticinio
1219 1874 1323 1939 delec-

158 1987 241 2040 tatos
264 1999 334 2041 esse
355 1986 552 2063 spectatores
574 1974 790 2040 Athenienses
812 1978 882 2040 veri
904 1975 1098 2041 simillimum
1121 1989 1177 2041 est.
1210 1976 1323 2062 Neque

159 2077 236 2142 mihi
266 2079 393 2164 quidem
425 2089 473 2142 est
502 2076 652 2158 dubium,
685 2078 761 2163 quin
792 2083 818 2142 si
848 2101 913 2144 non
940 2079 1056 2163 verba,
1086 2092 1120 2144 at
1149 2101 1200 2142 res
1222 2081 1323 2164 ipsius

160 2177 326 2266 Euripidis
357 2183 420 2245 sint
448 2180 592 2265 adeoque
617 2179 698 2243 haec
720 2183 762 2245 sit
781 2182 962 2245 necessaria
982 2204 1059 2266 pars
1081 2181 1217 2262 fabulae,
1238 2193 1273 2245 ut
1296 2183 1322 2243 si

159 2280 299 2364 abesset,
329 2304 407 2348 casu
437 2282 576 2367 quodam
606 2282 807 2346 intercidisse
834 2282 1008 2346 videretur.
1055 2281 1215 2367 Corrupta
1244 2304 1322 2346 vero
1424 2319 1426 2323 ·

159 2383 192 2446 in
221 2382 281 2447 hac
306 2404 432 2471 quoque
455 2393 547 2468 parte
572 2383 734 2450 nonnulla,
774 2382 818 2449 Et
838 2408 867 2448 v.
890 2385 1019 2471 quidem
1044 2387 1125 2450 1577
1154 2384 1207 2448 alii
1229 2384 1322 2448 aliter·

160 2497 378 2552 correxerunt.
419 2486 505 2568 Quid
535 2497 641 2550 autem
672 2484 759 2548 aliud
783 2487 890 2550 dicere
912 2496 1016 2571 potest
1040 2488 1197 2568 Minerva,
1218 2488 1280 2549 nisi
1303 2509 1323 2549 a

160 2597 297 2671 quatuor
318 2588 406 2652 Ionis
426 2586 500 2652 filiis
519 2588 631 2651 eadem
650 2588 759 2651 radice
775 2589 904 2652 orituris
920 2603 1058 2671 quatuor
1074 2590 1202 2653 Atticae
1218 2600 1323 2652 terrae

158 2687 263 2752 tribus
285 2691 434 2776 ipsosque
465 2712 574 2754 earum
597 2691 700 2754 socios
723 2712 791 2753 esse
814 2712 929 2754 nomen
953 2689 1135 2754 tracturos?
1181 2689 1253 2754 Hoc
1276 2693 1322 2752 vi-

159 2789 254 2854 detur
277 2793 435 2857 contineri
457 2793 557 2858 verbo
580 2785 796 2880 κδιπιφυλίου,
818 2793 911 2878 cujus
931 2793 1020 2878 prior
1040 2815 1114 2878 pars
1132 2791 1321 2877 compendio

161 2893 280 2977 scripta
303 2891 453 2959 librarios
474 2894 594 2959 fefellit.
642 2894 789 2958 Fortasse
812 2894 912 2978 igitur
934 2893 1105 2978 legendum

386 3025 552 3112 ἐπώνυμοι
575 3036 632 3120 γῆς
651 3025 816 3113 τεσσάρων
838 3028 951 3115 φυλῶν
972 3025 1075 3114 χρόνῳ

386 3131 472 3197 λαῶν
494 3126 524 3196 τ’
546 3128 689 3201 ἔσονται.

245 3266 318 3347 Quo
355 3267 449 3333 modo
486 3280 593 3333 autem
629 3268 818 3332 restituendi
856 3269 919 3331 sint
956 3291 986 3330 r.
1026 3269 1108 3332 1579
1144 3287 1244 3351 usque
1282 3266 1323 3329 ad

160 3389 191 3430 v.
214 3368 305 3449 1581,
328 3390 422 3433 nemo
444 3369 811 3434 adhucdemonstravit.
856 3368 972 3432 Miram
996 3390 1075 3433 vero
1099 3368 1323 3453 breviloquen-

159 3468 234 3530 tiam
266 3465 346 3557 ἐμῆς
375 3460 438 3536 ἀπ’
470 3468 601 3555 αἰγίδος
630 3467 775 3557 ἔμφυλον
803 3467 910 3550 ἕξουσ
935 3467 1124 3554 Αἰγικορῆς
1144 3470 1216 3554 jam
1238 3469 1323 3533 Her·-

160 3591 295 3634 mannus
319 3574 546 3638 animadvertit
568 3587 600 3638 et
620 3572 869 3638 Herwerdenus.
914 3572 953 3637 ln
975 3585 1065 3636 tanta
1087 3570 1274 3634 difficultate
1297 3573 1324 3634 si

162 3670 238 3755 quid
261 3671 336 3737 licet
357 3678 528 3761 suspicari,
557 3676 678 3756 dicam,
709 3696 803 3761 quem
827 3675 868 3737 ad
890 3673 1020 3737 modum
1042 3674 1161 3737 factum
1185 3694 1254 3737 esse
1276 3673 1324 3735 vi·

162 3771 286 3854 demur,
309 3786 344 3839 ut
365 3798 451 3840 nunc
472 3776 614 3862 legamus
637 3776 723 3862 quod
745 3775 835 3840 libris
863 3777 1016 3840 traditum
1039 3786 1096 3839 est.
1140 3775 1218 3839 Fuit
1239 3777 1324 3838 enim

163 3875 217 3959 qui
247 3874 388 3940 filiorum
419 3898 544 3963 quoque
573 3879 661 3944 Ionis
691 3877 872 3944 nominibus
902 3899 982 3962 opus
1013 3897 1081 3941 esse
1110 3877 1324 3957 existimaret3

163 3998 258 4061 quam
282 3978 323 4043 ob
345 4001 413 4043 rem
436 4001 508 4044 cum
531 3980 653 4067 aliquot
674 4002 786 4044 versus
810 3979 1057 4065 composuisset,
1078 3977 1196 4043 factum
1220 3991 1268 4043 est
1289 3988 1325 4041 ut

162 4092 347 4144 servaretur
368 4083 490 4166 primus
513 4105 556 4148 ex
577 4084 627 4147 his
649 4082 813 4165 versibus,
835 4079 1042 4144 intercideret
1064 4079 1232 4163 genuinus,
1260 4100 1324 4164 quo

162 4183 229 4266 ipse
252 4197 346 4268 poeta
362 4188 392 4246 Γ
388 4180 540 4250 ελεόντων
562 4189 753 4250 mentionem
773 4183 893 4247 fecerat
907 4191 943 4244 ut
959 4181 1079 4266 primae
1094 4181 1211 4262 tribus3
1227 4202 1324 4265 quam

163 4293 287 4347 ceterae
310 4288 534 4370 sequebantur,
558 4298 672 4371 quarta
694 4285 743 4350 his
763 4285 829 4349 lere
845 4282 967 4348 verbis:
993 4279 1073 4368 ἐμῇς
1093 4275 1124 4345 τ’
1151 4273 1211 4345 ἀπ’
1239 4276 1325 4364 αίχί-
