2978 4950
204 278 246 342 46

206 445 293 511 hunc
322 468 452 510 versum
483 444 672 509 mutandum
702 455 895 509 censuerunt
924 445 1088 529 suasitque
1120 444 1305 528 Dobraeus,
1335 458 1374 510 ut

206 547 333 634 legatur
348 543 398 612 κεί
416 546 496 631 πρίν
510 538 596 612 τοῦτ’
623 540 766 611 ἄπιστον
787 533 825 633 ἢν
841 543 924 628 ἐμοί,
948 545 1108 610 Porsonus
1123 546 1181 612 καί
1197 546 1374 633 opinaturi,

207 648 247 716 G.
271 649 477 713 Hermannus
492 648 551 714 καί
573 647 654 731 πρίν
677 651 760 732 γοῦν,
777 646 969 732 Badhamus,
986 647 1166 733 Musgravii
1184 651 1376 734 conjectura

209 747 285 816 ἐπεὶ
314 749 395 835 πρίν
414 754 481 816 ποῦ
503 743 573 815 τόδ’
600 745 661 815 οὐκ
690 740 832 815 ίίπιστον
854 736 893 836 ἦν
915 772 1007 835 usuS,
1028 746 1079 816 κεί
1101 749 1182 833 πρίν
1203 755 1271 817 ποῦ
1292 752 1375 829 aad„

206 852 447 916 Herwerdenus
469 851 608 937 denique
630 849 761 932 Λοξίου
784 851 841 916 καί
867 851 964 936 τῆσδε
984 845 1113 935 μητρός,
1136 849 1188 917 κεί
1210 853 1292 935 πρὶν
1315 847 1376 919 οὐκ

205 945 365 1020 είπιστον
387 941 433 1042 ἢν.
477 955 704 1038 Proposuerim
730 953 773 1035 id,
803 955 889 1018 unde
914 975 977 1039 quo
1006 955 1101 1018 modo
1131 966 1302 1041 corruptus
1332 960 1377 1021 sit
1480 1002 1485 1025 t

209 1078 322 1120 versus
349 1057 451 1140 magis
467 1055 601 1137 eluceat,
625 1053 689 1119 κεί
713 1053 793 1139 πρίν
812 1048 913 1120 αὐτὸ
934 1048 1044 1121 τοῦτ’
1071 1046 1214 1120 ἷίπιστον
1236 1045 1284 1139 ἦν.
1321 1057 1375 1121 De

210 1153 290 1224 ulad
312 1162 408 1223 τοῦτο
430 1181 462 1223 v.
484 1157 558 1221 Hel.
583 1160 656 1223 305.
673 1157 776 1220 Andr.
800 1160 851 1239 42,
875 1158 947 1222 916.
984 1157 1104 1223 Bacch.
1128 1159 1199 1222 959.
1235 1157 1308 1244 Iph.
1332 1161 1374 1228 A.

209 1263 302 1326 1351.
325 1260 381 1326 Or.
398 1261 469 1341 665,
489 1260 580 1327 1177.
605 1257 723 1324 Troad.
740 1261 812 1339 648,
827 1261 899 1324 955.
922 1259 1020 1346 Hipp.
1038 1261 1110 1327 419.
1133 1261 1248 1342 fragm.
1271 1265 1377 1344 lll,3.

208 1364 312 1444 775,8.
337 1361 434 1447 Soph.
457 1359 541 1425 Phil.
562 1360 612 1424 77.
636 1362 707 1430 438.

294 1464 377 1528 Tum
401 1462 525 1528 Creusa
547 1460 634 1526 hisce
656 1460 765 1526 verbis
787 1462 976 1546 respondet:

294 1611 382 1698 τάμὰ
404 1618 458 1680 νῦν
481 1609 639 1680 ἄκουσον·
662 1610 744 1678 αἰνῶ
768 1617 894 1696 Φοῖβον
916 1605 974 1679 οὐκ
997 1610 1136 1680 αἰνοῦσα
1159 1613 1249 1700 πρίν,

295 1710 397 1799 οὕνεχ’
421 1701 459 1782 οὗ
481 1707 558 1781 ποτ’
583 1713 723 1802 ἠμέλησε
745 1712 866 1796 παιδὸς
890 1707 1081 1782 ἀποδίδωσί
1102 1741 1170 1798 μοι.
1293 1721 1379 1784 1610

294 1811 416 1905 χαίρετ’
443 1811 569 1884 εὗωποί
590 1813 697 1883 πύλαι
719 1840 777 1900 μοι
800 1815 857 1881 καί
880 1821 962 1884 θεοῦ
981 1819 1169 1905 χρηστήρια,

207 1969 211 1975 -
296 1922 434 2007 δυσμενῆ
456 1914 622 2005 πάροιθεν
642 1911 728 1986 ὅντα.
752 1921 806 1984 νῦν
828 1918 945 1984 δὲκαὶ
968 1915 1118 2006 ῥόπτρων
1132 1920 1229 2006 χέρας

296 2017 400 2112 ἡδέως
423 2017 700 2109 ἐκκρημνάμεσθα
722 2021 779 2086 καί
801 2021 1014 2107 προσεννέπω
1037 2018 1153 2101 πύλας.

276 2233 279 2239 .
295 2178 394 2242 Recte
409 2176 478 2261 jam
492 2175 654 2240 Heathius
671 2177 796 2239 monuit
810 2173 966 2240 Creusam
981 2177 1076 2242 modo
1090 2200 1109 2241 a
1125 2176 1273 2241 Minerva
1300 2178 1378 2242 edo·

210 2292 296 2345 ctam
318 2302 383 2343 non
405 2281 556 2363 ignorare
577 2301 597 2342 a
613 2277 897 2361 Phoebquuidem
919 2278 1021 2341 filium
1042 2301 1134 2342 suum
1156 2279 1287 2342 minime
1306 2302 1378 2344 esse

211 2382 411 2466 neglectum3
428 2400 527 2464 quare
544 2379 690 2467 ἠμέλησα
701 2382 876 2466 proposuit.
899 2381 1029 2446 Poterat
1038 2402 1115 2444 vero
1131 2381 1234 2465 ipsam
1246 2380 1378 2464 neglec-

210 2494 277 2548 tam
300 2483 408 2546 dicere
429 2491 464 2544 ut
480 2483 622 2568 Antiope
639 2486 671 2546 in
689 2482 803 2567 fragm.
819 2485 892 2566 207,
911 2492 1036 2568 poterat
1059 2465 1095 2546 οὗ
1117 2474 1194 2546 ποτ’
1222 2479 1379 2569 ἐστέρησε

212 2585 329 2668 dicere,
349 2584 382 2648 id
407 2582 588 2667 quodcum
610 2575 801 2650 ἀποδίδωσι
823 2593 896 2668 apte
916 2593 1117 2668 congrueret,
1139 2594 1266 2669 poterat
1287 2583 1379 2649 deni-

213 2710 291 2773 que,
316 2707 399 2772 quae
421 2685 635 2770 Herwerdeni
668 2697 716 2751 est
737 2689 911 2769 sententia,
943 2678 1046 2751 οὕνεκ’
1083 2676 1199 2751 οἰίποτ>
1233 2683 1379 2772 ἠμέλησε

212 2782 313 2853 παῖδ)
338 2776 590 2853 εὂν-οίποόίδωσί
611 2810 670 2869 μοι
698 2791 749 2854 vel
780 2785 911 2866 παιδὸςΙ
933 2781 1126 2852 ἀποδίδωσί
1153 2809 1196 2855 τε.
1247 2786 1379 2852 Deinde

212 2891 370 2954 incertum
391 2889 522 2974 quidem
544 2905 607 2972 est,
637 2904 744 2954 utrum
771 2888 879 2953 valore
899 2888 1014 2975 jubeat
1043 2888 1195 2975 templum
1225 2888 1378 2975 foresque

213 2983 284 3079 ejus
304 2993 441 3074 abitura,
464 3004 500 3055 ut
522 2989 719 3077 Hippolytus
745 2992 788 3074 (v.
811 2993 917 3075 1097),
937 2990 1067 3054 Electra
1088 2992 1257 3075 (6.1334),
1278 2990 1379 3076 Poly-

161 3141 163 3145 ·
212 3096 299 3159 uices
323 3094 455 3178 (Phoen.
478 3115 509 3156 v.
532 3093 618 3175 631),
640 3103 676 3157 ut
699 3094 879 3177 Philocteta
901 3092 1096 3179 Sophocleus
1123 3092 1167 3174 (v.
1190 3093 1306 3176 1452),
1334 3114 1379 3156 an

214 3196 339 3261 salvere
373 3196 519 3274 aditura3
551 3216 655 3280 neque
689 3196 774 3258 enirn
809 3196 954 3260 additum
987 3206 1035 3260 est
1067 3193 1120 3258 vel
1152 3185 1290 3259 ὕστατον
1323 3193 1379 3258 vel

214 3295 369 3362 λοίσθιον
389 3297 460 3380 vel,
489 3310 523 3359 ut
551 3298 583 3359 in
606 3294 804 3380 Philocteta,
835 3295 979 3378 στείχων.
1032 3296 1095 3361 Sed
1128 3317 1187 3380 pro
1220 3294 1379 3360 librorum

213 3397 288 3462 αίόε
307 3391 337 3461 τ’
370 3400 587 3463 necessarium
613 3397 742 3462 videtur
768 3392 941 3484 χαίρετ’,
970 3399 1057 3485 quod
1080 3408 1112 3461 et
1133 3396 1211 3461 mihi
1233 3399 1267 3462 in
1288 3419 1378 3462 men·

212 3510 278 3564 tem
300 3503 390 3564 venit
421 3499 515 3582 (conf.
541 3499 625 3563 Ann.
648 3499 730 3565 Phil.
759 3512 782 3564 t.
811 3501 939 3566 XCVII
961 3523 990 3586 p.
1013 3501 1210 3582 412-415)
1242 3511 1273 3564 et
1302 3510 1380 3564 ante

213 3623 264 3664 me
286 3601 488 3666 Kirchhoffio
510 3602 662 3688 quodque
686 3600 924 3668 Herwerdenus
954 3624 1081 3690 quoque
1103 3603 1181 3666 satis
1203 3602 1283 3667 dicit
1304 3623 1379 3688 pro·

213 3702 340 3786 babile,
363 3714 399 3766 ut
420 3707 506 3767 enim
527 3728 595 3786 μοι,
616 3704 662 3766 ita
683 3703 820 3789 δυσμενῆ
834 3702 981 3788 flagitare
996 3703 1126 3766 videtur
1145 3702 1224 3767 illud
1238 3701 1378 3790 χαίρετε.

213 3804 310 3885 Quod
330 3806 468 3893 denique
484 3803 672 3869 muliercula
691 3805 809 3889 gaudio
830 3804 977 3869 exultans
991 3803 1151 3889 bracchia,
1172 3828 1247 3870 nam
1262 3827 1380 3870 manus

213 3908 301 3972 nullo
332 3907 426 3973 modo
457 3907 564 3970 dicere
593 3918 735 3992 poterat,
764 3906 960 3991 suspendere
987 3929 1020 3972 se
1041 3928 1084 3970 ex
1105 3908 1192 3971 ansis
1215 3907 1309 3989 dicit,
1344 3907 1379 3971 id

213 4009 419 4073 tumidissimi
440 4012 594 4096 cujusque
616 4019 729 4094 poetae
752 4031 835 4088 esse,
857 4031 922 4073 non
945 4007 1125 4095 Euripidis,
1148 4030 1241 4073 nemo
1264 4008 1381 4094 opinor

212 4110 410 4177 infitiabitur.

302 4212 393 4293 Quae
414 4215 628 4299 insequuntur
652 4213 753 4278 verba
774 4213 941 4276 Minervae
