2978 4950
593 423 673 512 ργ
685 438 710 519 p
724 437 803 501 ιΠ
817 446 826 501 ι
844 432 891 508 Δ
905 431 989 509 ΗΕ

522 559 631 640 ><n
644 559 768 632 nae
780 561 815 636 ο
833 559 888 633 t<
903 554 1097 638 ιΜ

575 674 771 749 stow
785 679 818 751 ο
833 687 841 752 ι
857 677 889 748 c
907 683 1098 758 oxon-1

461 797 502 872 a:
518 809 578 876 ιο
597 807 720 880 wic
737 807 1106 891 ιττρικοιίν-κΚἘ

473 909 768 988 tetimonio
783 931 790 980 ι
805 919 852 993 Δ
867 927 956 1004 t-ct

543 1034 770 1131 0ss>ch
786 1049 818 1107 ο
837 1051 888 1116 nr
907 1034 1094 1136 c‘rrrn

477 1142 725 1234 towmoo
740 1176 910 1264 ΝΜ

577 1272 689 1356 cuo
716 1291 834 1389 orn
853 1291 1053 1379 κιοοιι

473 1390 681 1492 culm
705 1413 1066 1520 exn-inpare:-

472 1520 578 1601 unc
589 1521 987 1620 lauantemne

442 1682 462 1746 i.
484 1704 509 1746 e.
534 1673 551 1746 ὃ
574 1681 730 1762 χαλκέοις
752 1678 886 1766 οὐρανὸν
908 1678 1023 1761 νώτοις
1044 1674 1127 1763 dxciv

202 1798 254 1865 vel
278 1798 395 1887 φέρων.
440 1800 518 1864 Post
537 1802 714 1864 ΧΑΛΚΕ
734 1805 767 1863 Κ
790 1801 890 1880 enim,
915 1800 1000 1884 quod
1023 1801 1099 1882 quin
1125 1824 1197 1865 cum
1221 1803 1375 1872 Nauckio

205 1902 460 1967 XAAKEOIC
477 1899 650 1984 legendum
670 1902 727 1982 sit,
757 1923 850 1964 nemo
873 1912 978 1986 potest
1008 1901 1171 1984 dubitare,
1195 1906 1299 1990 majus
1323 1921 1376 1975 est

203 2005 341 2088 spatium
371 2001 523 2084 lacunae,
563 2025 659 2088 qnam
689 2002 776 2087 quod
805 2024 903 2066 unam
932 2001 1058 2067 literam
1080 2005 1098 2067 I
1120 2004 1241 2088 capiat,
1272 2018 1374 2094 atque

203 2115 337 2184 tantum,
358 2113 393 2167 nt
416 2103 495 2167 nihil
518 2102 622 2169 obstet
644 2125 707 2186 quo
730 2104 835 2167 minus
857 2103 892 2166 id
914 2103 1000 2189 quod
1023 2127 1043 2167 a
1064 2103 1196 2169 librario
1219 2109 1374 2175 omissum

204 2206 383 2284 videbatur,
406 2197 540 2289 οὐρανὸν
561 2215 710 2290 putemus
727 2205 894 2270 excidisse.
930 2204 959 2268 E
981 2207 1142 2272 contrario
1164 2207 1198 2270 id
1220 2212 1373 2295 spatium,

204 2308 290 2393 quod
319 2319 367 2373 est
395 2309 480 2371 inter
511 2301 626 2384 νώτοις
656 2314 687 2370 et
709 2296 814 2389 Ἴωνι,
837 2329 902 2372 non
924 2317 972 2371 est
994 2315 1134 2390 tantum,
1167 2319 1203 2373 ut
1226 2303 1372 2398 οὐρανόν,

205 2410 326 2474 nedum
342 2403 476 2495 οὐρανὸν
491 2405 532 2472 ,ἐν
553 2407 616 2472 hoc
635 2405 705 2472 loco
719 2409 859 2493 positum
879 2430 948 2472 esse
964 2409 1113 2495 potuerit.
1147 2409 1239 2490 Quae
1261 2425 1372 2479 antem

204 2511 398 2577 vocabulum
414 2507 530 2588 νώτοις
544 2510 665 2594 excipit
683 2509 776 2573 litera
787 2510 824 2590 Ο,
843 2507 884 2572 ab
905 2531 944 2573 ea
966 2529 1160 2595 quamquam
1173 2512 1244 2576 fieri
1263 2527 1373 2600 potest

205 2625 249 2696 ut,
272 2636 344 2678 oum
368 2612 537 2678 evanuerit
559 2611 684 2674 directa
704 2609 745 2673 ad
769 2607 1032 2695 perpendiculum
1054 2608 1181 2693 lineola,
1212 2616 1372 2701 inceperit

205 2714 338 2780 verbum
361 2713 479 2800 φέρων,
502 2725 611 2778 tamen
632 2711 693 2776 hoc
712 2734 840 2797 quoqne
862 2720 968 2797 potest
990 2713 1122 2798 conjici,
1147 2715 1371 2782 Philodemum

205 2817 321 2901 legisse
343 2809 436 2899 ὂχών,
457 2815 544 2900 quod
568 2813 607 2878 G.
631 2813 981 2899 Dindorfius'conjecit
1011 2815 1059 2896 (in
1087 2815 1287 2899 praefatione
1311 2818 1372 2883 So-

205 2918 347 3004 phoclea,
370 2941 401 3004 p.
425 2917 466 3000 V,
499 2924 654 3001 quaeest
681 2917 714 2980 in
745 2916 886 2980 editione
908 2915 939 2979 V
962 2915 1137 2980 Poetarum
1160 2918 1372 2984 Scenicorum

207 3021 430 3103 Graecorum),
454 3017 605 3102 quodque
627 3017 721 3081 etiarn
745 3019 850 3103 aptius
865 3017 995 3081 videtur
1011 3017 1053 3080 ad
1074 3015 1209 3083 lacunae
1232 3023 1372 3106 spatium

206 3121 407 3208 explendum.
454 3119 618 3206 Synizesis
650 3119 804 3200 χαλκέοις
830 3119 864 3182 in
893 3118 1005 3182 eodem
1035 3140 1149 3183 versus
1178 3119 1265 3203 loco,
1296 3130 1371 3186 ante

205 3246 386 3308 caesuram,
410 3231 459 3287 est
480 3223 573 3287 etiam
596 3222 630 3285 in
652 3220 773 3285 Phoen.
795 3245 826 3286 v.
851 3221 944 3285 1539.
985 3220 1054 3286 Ion.
1077 3243 1109 3288 v.
1133 3223 1215 3286 1165
1239 3220 1278 3285 al.

291 3324 423 3405 Creusa,
445 3333 481 3387 ut
502 3324 536 3386 in
558 3323 671 3386 eodem
693 3321 824 3407 prologo
846 3330 958 3385 narrat
979 3321 1169 3405 Mercurius,

537 3432 577 3532 ἣν
598 3434 666 3522 εἶχε
687 3440 858 3524 παρθένος
879 3440 992 3525 χλιδὴν
1245 3445 1286 3507 26

357 3544 458 3631 τέκνῳ
481 3537 677 3630 προοάψαο’
704 3537 819 3607 ἔλιπεν
842 3535 885 3621 ώς
907 3541 1109 3628 θανουμένῳ,

206 3663 233 3727 si
256 3663 384 3748 quidem
406 3661 498 3726 libris
519 3661 599 3726 fides
621 3671 669 3726 est
691 3660 850 3726 habenda.
892 3659 957 3725 Sed
981 3664 1051 3726 veri
1073 3662 1202 3726 videtur
1235 3661 1371 3726 similius

205 3775 331 3851 poetam
353 3764 518 3850 scripsisse

538 3859 652 3929 ilonea
675 3856 720 3941 ώς
741 3859 1031 3946 θανοώμενον,

208 3978 243 4032 ut
271 3991 302 4031 v.
328 3969 378 4034 18.
429 3964 638 4032 Incunabulis
669 3967 753 4030 enim
784 3965 939 4031 Creusam
968 3967 1124 4032 infantem
1150 3966 1372 4053 colligaturam

115 4129 117 4132 .
208 4070 306 4134 fuisse
320 4078 417 4155 patet,
439 4072 535 4134 etiam
559 4070 585 4133 si
608 4091 770 4154 exponere
788 4091 860 4133 eum
876 4093 939 4134 non
960 4069 1123 4136 voluisset.
1156 4068 1232 4155 Ipsa
1250 4068 1373 4135 Creusa

208 4164 315 4255 ἡμεῖς,
344 4172 466 4256 inquit,
496 4168 666 4252 έξέθεμεν,
704 4169 739 4236 έν
770 4162 874 4256 ὄρφνῃ
905 4165 1200 4256 σπαργανώσαντες
1228 4169 1395 4253 πέπλοις,

208 4274 251 4355 (v.
273 4274 364 4357 955),
388 4265 432 4350 ώς
452 4267 508 4339 τὸν
529 4268 610 4338 θεὸν
631 4269 779 4338 σώσοντα
801 4270 856 4338 τόν
879 4264 910 4356 γ’
934 4265 1033 4338 αὑτοῦ
1056 4266 1148 4356 γόνον
1171 4272 1213 4354 (v.
1235 4273 1321 4355 965).
