2978 4950
1290 270 1329 333 15

158 431 355 513 ascendunt,
388 454 461 495 cum
491 432 682 518 paedagogo
712 433 825 516 habet,
860 455 969 499 omnes
998 445 1127 521 recepta
1155 436 1329 522 Tyrwhitti

157 534 347 619 conjectura
368 531 458 598 illam
479 534 601 598 faciunt
623 533 781 598 dicentem

365 661 476 751 ὀρθῶς
498 663 619 748 ἔλεξας·
643 661 728 733 ἀλλὰ
749 671 793 751 μὴ
816 664 920 755 πόρες
942 664 1047 756 κόπῳ,
1092 748 1094 752 ¹
1180 674 1242 739 745

158 805 221 868 nisi
243 801 330 888 quod
352 802 593 867 Herwerdends
616 815 703 868 recte
727 805 888 889 judicavit
915 803 1086 889 legendum
1116 829 1184 872 esse
1207 812 1328 897 παρῇς.

158 905 234 969 Hoc
254 926 333 969 vero
356 915 412 968 aut
433 906 636 969 intransitive
659 904 781 969 dictum
804 915 919 991 putant
941 916 997 970 aut
1020 905 1235 992 supplendum
1259 931 1328 973 esse

157 1000 305 1075 σεαυτόν.
351 1008 398 1070 At
419 1006 513 1070 sicuti
537 1007 672 1071 nonest
694 1005 812 1070 dubius
839 1010 988 1092 passivus
1010 1007 1106 1093 hujus
1129 1008 1222 1073 verbi
1243 1033 1327 1090 usus,

159 1119 195 1172 ut
225 1107 347 1173 Phoen.
378 1131 409 1174 v.
433 1110 496 1173 852
529 1102 625 1194 κόπῳ
654 1113 834 1193 παρεῖμαι,
866 1109 985 1178 Bacch.
1014 1134 1045 1175 v.
1069 1111 1131 1175 635
1161 1108 1268 1177 κόποι·
1298 1113 1327 1176 δ’

159 1205 227 1277 ἵπο
249 1213 419 1296 παρεῖται,
443 1222 475 1275 ct
497 1209 552 1278 Or.
576 1234 608 1275 v.
624 1212 684 1275 881
709 1208 909 1295 παρειμένον
931 1204 1025 1297 νόσῳ,
1045 1210 1144 1277 Herc.
1161 1212 1182 1276 f.
1200 1237 1231 1278 v.
1246 1216 1329 1279 1043

158 1308 261 1398 όπνιμ,
291 1311 362 1378 coll.
385 1311 503 1378 Bacch.
526 1335 558 1378 v.
585 1313 648 1376 683
676 1322 707 1375 et
736 1310 807 1374 Alc.
837 1336 868 1376 v.
891 1313 971 1396 264,
997 1314 1043 1376 ita
1072 1336 1137 1377 non
1167 1325 1213 1379 est
1242 1316 1329 1401 quod

159 1411 280 1476 infitias
303 1433 423 1496 eamus,
444 1412 529 1478 illius
552 1436 629 1477 usus
651 1414 848 1485 intransitivi
864 1413 1011 1499 exempla
1026 1437 1095 1479 esse
1112 1414 1209 1483 nulla.
1247 1415 1327 1480 Cum

157 1525 267 1579 autem
297 1514 331 1578 in
360 1513 452 1579 libris
481 1516 521 1580 sit
543 1514 586 1600 μὴ
604 1510 765 1599 ’πάρεστέ
787 1538 852 1597 πω,
882 1515 915 1577 in
940 1516 964 1580 P
986 1537 1064 1580 vero
1087 1515 1328 1582 Herwerdenus

158 1625 294 1681 testetur
323 1609 469 1701 πόρεσκέ
497 1641 543 1682 τω
572 1617 636 1681 alia
663 1639 761 1680 manu
790 1638 860 1680 esse
887 1616 922 1680 in
944 1615 1041 1681 litura
1062 1620 1233 1702 scriptum,
1263 1642 1328 1685 non

157 1721 221 1783 erit
243 1719 360 1782 nimiae
383 1719 536 1784 audaciae
560 1719 727 1801 conjicere,
749 1717 845 1782 finem
869 1717 964 1801 hujus
986 1740 1097 1783 versus
1111 1721 1243 1804 gravius
1259 1743 1328 1786 esse

157 1828 348 1906 corruptum
371 1841 390 1882 a
412 1817 562 1884 librariis.
599 1819 672 1900 Qua
695 1819 735 1883 de
759 1839 855 1883 causa
878 1818 1013 1887 fortasse
1036 1820 1150 1885 melius
1173 1844 1206 1887 se
1225 1826 1327 1889 oratio

158 1920 299 2003 habebit,
321 1921 349 1985 si
370 1929 498 2006 poetam
520 1921 685 2007 scripsisse
706 1923 869 2006 putaveris

529 2051 615 2120 ἀλλὰ
636 2055 680 2140 μὴ
702 2058 813 2144 παρῇς
834 2055 947 2139 μέλη.

158 2195 196 2260 V.
222 2192 279 2259 Or.
303 2216 331 2257 v.
355 2192 417 2256 228
442 2185 610 2276 ἄναρθρός
632 2188 700 2275 εἰμι
719 2187 877 2256 ,κάσθενῶ
898 2190 991 2276 μέλη.

243 2293 455 2378 Paedagogus
484 2316 555 2357 cum
585 2293 716 2358 echori
746 2292 1035 2358 exclamationibus
1065 2288 1100 2358 td
1129 2291 1259 2375 δαῖμον,
1284 2289 1325 2358 ἰῶ

156 2397 282 2478 τλᾶμον
304 2396 484 2481 suspicatus
507 2397 548 2461 sit
569 2396 745 2460 infaustum
768 2417 837 2460 esse
860 2394 983 2460 oraculi
1006 2416 1205 2482 responsum,
1228 2395 1328 2458 inter·

156 2507 251 2584 rogat
272 2497 405 2562 chorum

365 2628 435 2696 ἀλλ’
459 2621 478 2720 ἦ
500 2656 532 2697 τι
555 2627 757 2721 θεσφάτοισι
781 2631 953 2697 δεσποτῶν
974 2635 1060 2698 νοσῶ
1067 2658 1077 2710 ,·
1199 2632 1260 2696 755

244 2767 344 2831 Recte
373 2768 460 2831 enim
488 2775 520 2830 et
548 2766 600 2830 hic
622 2789 735 2832 versus
764 2779 845 2832 etv.
869 2768 930 2832 753
959 2791 979 2831 a
1001 2766 1169 2831 Badhamo
1192 2765 1327 2851 aliisque

157 2868 348 2955 paedagogo
370 2869 568 2935 tribuuntur.
610 2869 723 2953 Neque
747 2891 824 2932 vero
845 2869 960 2933 chorus
982 2890 1086 2953 neque
1108 2868 1327 2954 paedagogus,

157 2972 278 3057 quippe
311 2972 367 3056 qui
403 2969 544 3034 Creusae
582 2971 646 3033 sint
682 2970 820 3051 addicti,
856 2965 1021 3047 δεσπότας
1053 2979 1188 3055 possunt
1221 2969 1327 3034 dicere

157 3072 316 3154 Xuthum,
338 3072 378 3136 de
402 3091 465 3157 quo
489 3093 552 3135 uno
576 3092 680 3136 sermo
703 3094 771 3136 esse
794 3082 907 3157 potest,
930 3074 957 3136 si
979 3067 1180 3160 θεσφάτοισι
1207 3071 1328 3135 δεσπο-

155 3176 223 3238 τῶν
251 3184 339 3240 recte
369 3176 585 3256 conjungunt3
618 3173 772 3237 Creusam
803 3175 889 3237 enim
919 3169 1082 3251 δεσπότας
1112 3172 1189 3234 dicit
1211 3170 1328 3234 chorus

158 3299 188 3341 v.
212 3279 291 3359 233,
322 3275 384 3341 236
418 3273 502 3358 (coll.
533 3299 564 3342 v.
589 3276 682 3358 237),
714 3274 922 3360 paedagogus
951 3298 981 3339 v.
1004 3276 1083 3356 852,
1113 3275 1207 3339 1043.
1251 3272 1328 3340 Veri

158 3379 259 3462 igitur
288 3376 421 3442 similius
451 3386 513 3458 est,
544 3372 707 3453 δεσπότας
733 3375 785 3438 hic
814 3397 951 3461 quoque,
979 3377 1074 3440 utin
1097 3399 1129 3444 v.
1153 3375 1225 3458 751,
1246 3371 1328 3437 nihil

157 3479 247 3544 aliud
277 3501 345 3545 esse
374 3499 470 3563 quam
493 3472 658 3543 δεσπότιν.
704 3476 800 3557 Quod
823 3479 850 3541 si
872 3476 1041 3563 probabile
1063 3485 1127 3560 est,
1159 3476 1329 3540 δεσποτῶν

159 3603 233 3644 curn
261 3603 293 3644 τι
325 3579 551 3665 conjungendo
575 3588 606 3643 et
636 3570 756 3643 νοσεῖ
783 3578 982 3643 restituendo
1003 3578 1073 3661 fiet,
1102 3588 1137 3641 ut
1163 3578 1328 3664 aptissima

159 3683 202 3746 sit
223 3682 337 3748 oratio.
382 3681 466 3745 Satis
492 3683 553 3744 erit
574 3702 674 3744 unum
698 3701 885 3766 comparare
903 3678 1025 3762 locum,
1054 3677 1126 3766 Iph.
1150 3678 1187 3743 T.
1210 3701 1240 3746 v.
1265 3680 1328 3742 536

160 3780 269 3848 πάντα
291 3777 440 3849 τάκείνου
462 3784 560 3846 νοσεῖ.

245 3883 286 3949 In
308 3885 450 3949 carmine
471 3882 585 3948 melico
609 3875 787 3969 ἇμοιβαίιμ,
810 3883 897 3968 quod
920 3906 939 3946 a
960 3904 990 3947 ν.
1008 3885 1069 3947 763
1092 3883 1215 3967 incipit,
1234 3880 1328 3945 facilc

159 3983 357 4071 intellegitur
381 3995 471 4050 tanta
500 3995 628 4069 poetam
660 3983 887 4069 aequabilitate
918 4006 1011 4048 usum
1041 4005 1110 4048 esse
1139 3984 1172 4046 in
1202 4004 1328 4066 compo-

160 4085 276 4153 nendis
309 4098 405 4171 atque
439 4085 669 4150 distribuendis
697 4108 809 4151 eorum
839 4086 894 4171 qui
926 4087 1010 4150 inter
1040 4109 1074 4150 se
1102 4083 1330 4169 colloquuntur

161 4186 279 4272 verbis,
308 4198 344 4253 ut
371 4188 643 4275 neglegentissimi
665 4187 791 4252 librarii
818 4210 882 4252 non
905 4189 1068 4274 potuerint
1091 4209 1162 4251 eam
1186 4207 1328 4250 corrum-
1352 4183 1354 4188 ’

160 4312 248 4378 pere.
294 4291 372 4357 Inde
395 4293 481 4355 enim
503 4312 522 4354 a
543 4315 573 4357 v.
590 4290 649 4356 771
675 4311 776 4374 usque
798 4289 841 4353 ad
863 4313 893 4354 v,
910 4289 971 4353 799
993 4298 1107 4374 quater
1121 4288 1329 4374 paedagogus
