2978 4950
215 293 254 357 18

295 460 350 523 Ad
381 455 606 522 celebrandum
635 454 693 519 filii
722 479 827 542 nuper
851 459 970 543 reperti
999 459 1083 523 diem
1112 460 1253 525 natalem
1275 461 1377 550 dapes

212 584 246 627 se
274 559 439 625 natalicias
467 560 627 623 instruere
656 557 739 622 velle
767 557 898 622 Xuthus
927 559 1055 625 dixerat
1085 564 1271 648 amicosque
1302 588 1378 632 suos

210 664 348 727 invitare
364 661 509 746 jusserat
528 658 649 742 Ionem,
669 670 705 724 ut
726 659 835 724 valere
855 662 894 724 iis
915 660 1036 725 diceret
1058 663 1103 744 (v.
1119 665 1179 730 651
1204 667 1299 731 θέλω
1316 665 1377 754 γὰρ

211 749 320 847 οὗπέρ
342 754 373 828 σ’
398 747 495 847 ηὗρον
517 752 697 846 άρξασθοιι,
716 758 837 844 τέκνον,
857 765 968 850 κοινῆς
988 764 1152 848 τραπέζης
1174 768 1276 834 δαῖτα
1292 766 1375 854 πρὸς

210 864 320 951 κοινὴν
340 857 461 946 πεσών,
488 860 595 928 θῦσαί
615 856 653 927 θ’
686 855 789 929 άσοο
816 863 896 948 πρὶν
918 862 1064 948 γενέθλι’
1097 862 1156 933 οὐκ
1179 865 1372 957 ἐθύσαμεν).

211 967 338 1033 Chorus
358 975 474 1048 autem,
496 965 551 1049 qui
573 964 634 1028 hoc
655 965 841 1051 paedagogo
864 979 985 1049 narrat,
1007 968 1160 1056 ιγροῦδος,
1183 972 1298 1056 inquit,

416 1097 541 1179 παιδὸς
562 1094 742 1184 προθίσων
764 1100 855 1181 ξένια
876 1101 933 1165 καὶ
956 1102 1120 1188 γενέθλια,
1267 1114 1330 1177 805

418 1198 538 1286 σκηνάς
559 1199 592 1280 ές
615 1198 703 1286 ἱεράς
723 1204 822 1289 τῆσδε
844 1203 1016 1287 λαθραίως
1035 1202 1145 1291 πόσις,

416 1307 508 1392 κοινῇ
531 1301 684 1388 ξυνάψων
706 1305 804 1370 δαῖτα
826 1304 926 1370 παιδὶ
948 1309 995 1392 τῷ
1016 1307 1087 1392 νέῳ.

295 1455 369 1536 Quo
397 1456 492 1521 modo
520 1465 626 1520 autem
652 1477 734 1540 quae
764 1457 920 1542 γενέθλια
946 1460 997 1523 sui
1022 1463 1123 1547 ipsius
1145 1461 1203 1526 filii
1224 1464 1372 1532 Xuthum

210 1558 445 1625 celebraturum
473 1558 566 1642 dicit,
597 1558 709 1622 eadem
737 1559 778 1624 ab
807 1560 919 1624 eodem
950 1560 1041 1639 ξένια
1062 1566 1187 1648 possint
1207 1567 1373 1653 appellari,

208 1660 340 1726 difficile
368 1670 417 1725 est
445 1658 619 1727 intellectu.
663 1659 766 1725 Unice
794 1671 921 1747 poterat
951 1663 1059 1727 dicere
1080 1660 1168 1751 λόγῳ
1189 1667 1249 1750 μέν
1271 1668 1373 1755 ξένια,

208 1759 291 1848 ἔργῳ
320 1762 358 1827 δέ
384 1761 556 1846 γενέθλια,
586 1763 668 1825 sicut
695 1762 826 1827 Xuthus
853 1788 884 1833 v.
906 1766 970 1829 654
997 1765 1055 1830 καί
1084 1770 1140 1832 νῦν
1167 1768 1228 1851 μέν
1257 1763 1303 1849 ὡς
1336 1773 1375 1854 δὴ

209 1864 299 1946 ξένον
328 1855 417 1949 άγων
445 1855 477 1928 o'
512 1860 665 1945 ἐφέστιον
694 1861 861 1931 δείπνοισι
889 1865 1013 1950 τέρψω·
1046 1872 1104 1950 τῆς
1126 1861 1158 1934 δ>
1184 1863 1374 1958 Ἀθηναίων

206 1963 329 2049 χθονὸς
356 1961 426 2047 άξω
452 1963 575 2050 θεατὴν
597 1964 710 2051 δῆθεν,
732 1957 775 2044 ὡς
797 1961 857 2030 οὐκ
878 1958 943 2032 ὅντ’
970 1965 1056 2051 ε’μόν.
1100 1970 1181 2035 Cum
1203 1985 1374 2058 praeterea

205 2071 262 2135 vix
278 2078 363 2134 recte
386 2091 421 2133 se
441 2066 582 2132 habeant
602 2068 774 2154 participia
791 2061 972 2153 προθύσων
986 2079 1083 2155 atque
1105 2066 1260 2156 ξυνάψων
1274 2099 1371 2142 versu

208 2173 270 2237 706
299 2173 383 2235 inter
407 2193 441 2236 se
469 2170 605 2234 diremta
633 2171 786 2255 priusque
806 2169 933 2234 insolite
955 2173 995 2235 sit
1017 2171 1153 2256 dictum,
1176 2199 1203 2239 v.
1228 2178 1291 2243 805
1312 2201 1371 2264 pu·

206 2275 340 2338 taverim
364 2272 573 2359 compositum
594 2293 664 2337 esse
686 2294 706 2335 a
726 2270 869 2356 librario,
892 2274 947 2358 qui
966 2272 1056 2353 ξένια
1071 2279 1225 2361 repetisse
1241 2279 1372 2345 videtur

205 2397 247 2438 ex
270 2374 331 2439 illis
354 2374 458 2439 Xuthi
481 2373 597 2438 verbis.

291 2492 504 2578 Paedagogus
531 2513 602 2556 cum
626 2514 721 2576 quam
744 2492 887 2557 funestas
909 2492 1038 2558 Xuthus
1059 2496 1193 2561 insidias
1215 2501 1373 2565 struxerit

205 2595 345 2681 quidque
368 2593 517 2659 habuerit
538 2592 671 2676 consilii,
693 2593 912 2680 explicaverit,
934 2597 1040 2680 pergit

369 2730 429 2797 καί
450 2721 547 2795 τῶνδ’
573 2723 728 2795 ἁπάντων
750 2726 885 2811 ἔσχατον
906 2729 1015 2796 πείσει
1039 2732 1148 2798 κακόν.
1263 2736 1326 2802 836

288 2883 384 2964 Quod
401 2895 487 2948 recte
506 2905 539 2946 se
561 2880 703 2965 haberet,
723 2884 750 2948 si
772 2882 843 2947 aliis
864 2883 956 2948 malis
979 2894 1075 2948 antea
1094 2889 1288 2952 enumeratis
1299 2891 1314 2976 j

206 2984 245 3049 de
269 3008 306 3050 eo
328 2984 523 3071 loqueretur,
554 2983 640 3070 quod
667 2985 808 3048 omnium
832 2996 915 3050 esset
936 2986 1123 3051 maximum.
1166 2988 1281 3072 Itaque
1304 2991 1370 3057 Do·

205 3085 320 3151 braeus
344 3089 486 3152 correxit
515 3081 579 3151 κάν
600 3085 709 3153 τῶνδε.
754 3087 907 3151 Fortasse
938 3086 1052 3152 melius
1080 3096 1128 3151 est
1156 3080 1232 3152 κάν
1260 3085 1368 3178 τῷδ’,

207 3209 269 3272 qua
287 3189 321 3251 in
344 3212 389 3266 re,
413 3199 448 3252 ut
468 3189 553 3254 Med.
575 3210 606 3255 v.
629 3189 700 3257 235.
745 3188 800 3253 Or.
823 3211 854 3252 u.
878 3192 971 3255 1162.
1017 3189 1129 3277 Suppl.
1151 3213 1182 3253 v.
1206 3192 1279 3260 707.

288 3307 326 3370 ln
354 3306 506 3371 monodia
533 3306 673 3370 Creusae
702 3305 824 3370 melicis
852 3308 1036 3391 anapaestis
1065 3309 1240 3393 composita
1264 3332 1369 3394 paene

205 3428 313 3472 omnes
343 3408 494 3473 videntur
517 3409 697 3473 consentire
718 3431 749 3473 v.
773 3409 834 3472 887
858 3430 959 3493 usque
982 3408 1076 3473 adv.
1101 3410 1163 3473 896
1193 3408 1368 3495 stropham,

203 3533 233 3575 v.
256 3509 318 3574 897
350 3531 453 3593 usquc
482 3508 523 3573 ad
553 3530 584 3573 v.
608 3509 670 3573 905
698 3510 930 3596 antistropham
962 3511 1129 3576 contineri.
1180 3511 1286 3576 Tanta
1315 3513 1370 3577 hic

205 3633 331 3696 quoque
362 3625 410 3676 est
440 3633 645 3675 numerorum
676 3611 857 3677 similitudo.
902 3611 1004 3696 quue
1032 3633 1068 3674 eo
1096 3614 1198 3696 magis
1229 3623 1277 3678 est
1299 3615 1367 3678 veri

203 3712 315 3795 simile,
337 3713 423 3798 quod
445 3711 660 3797 legitimorum
683 3734 809 3797 quoque
832 3714 888 3797 qui
909 3712 1102 3777 antecedunt
1122 3722 1368 3798 anapaestorum

203 3815 328 3902 periodi
348 3815 426 3878 satis
448 3824 596 3878 accurate
617 3813 702 3876 inter
724 3836 758 3876 se
774 3814 977 3899 respondent.
1014 3813 1096 3878 Sunt
1115 3815 1200 3878 enim
1216 3816 1367 3901 quinque,

202 3937 338 3999 quarum
368 3917 473 4001 prima
501 3926 532 3979 et
561 3926 722 4001 postrema
752 3937 769 3978 e
799 3916 884 3980 senis
914 3927 1061 3981 constant
1089 3916 1269 4001 ordinibus3
1302 3930 1366 3982 tres

203 4028 310 4082 autem
332 4020 455 4104 priores
476 4019 599 4104 primae
622 4016 762 4103 periodi,
794 4039 878 4099 quae
901 4017 1024 4082 exordii
1052 4016 1123 4082 loco
1146 4028 1209 4101 est,
1239 4019 1367 4082 dimetri

204 4132 278 4185 sunt
300 4119 492 4203 catalectici3
515 4121 548 4182 in
571 4143 601 4183 v.
615 4121 677 4184 888
698 4120 865 4183 inventum
888 4142 908 4182 a
922 4119 1088 4205 Madvigio
1111 4113 1282 4204 κεράεσσιν
1302 4142 1367 4185 non

202 4230 307 4307 potest
337 4244 401 4286 non
433 4221 646 4306 comprobari.
691 4219 839 4307 Utraque
868 4221 1018 4307 periodus
1048 4221 1209 4286 clauditur
1231 4222 1367 4287 dimetro

201 4322 343 4409 integrm
375 4325 408 4388 in
438 4345 467 4386 v.
497 4324 581 4387 enim
604 4324 666 4388 886
696 4323 783 4409 quod
806 4324 848 4387 A.
873 4322 1037 4387 Nauckius
1060 4324 1200 4410 conjecit
1229 4321 1369 4410 αἰθέρος
