2978 4950
1306 315 1324 379 7

347 478 473 544 πολλαί
495 504 529 563 γε
552 482 695 560 πολλοῖς
717 479 783 548 εἰσι
806 480 976 568 συμφοραὶ
999 487 1132 566 βροτῶν,
1219 486 1279 548 381
1305 527 1310 535 -

346 580 474 668 μορφαὶ
496 581 534 645 δὲ
556 582 790 667 διαφέρουσιν·
814 581 849 648 ἓν
871 575 903 647 δ’
927 577 968 647 δν
989 575 1117 665 εὐτυχὲς

345 679 441 764 μόλις
462 676 537 747 ποτ’
564 679 689 769 ἐξεύροι
711 709 761 761 τις
781 679 970 767 ἀνθρώπων
991 682 1065 770 βίφ.

245 799 316 866 Hos
332 823 444 866 versus
460 801 581 866 dudum
597 812 763 889 corruptos
783 825 852 867 esse
872 802 947 865 inde
964 814 1108 888 apparet,
1130 803 1216 887 quod
1239 804 1326 890 apud

159 899 334 966 Stobaeum
357 902 401 986 (fl.
423 904 476 986 98,
491 903 546 986 41)
569 903 687 989 legitur
702 907 841 987 βροτοῖς,
863 908 1020 987 μορφαῖς,
1044 901 1078 968 ἑν
1095 899 1127 968 δ’
1153 898 1325 986 εὐτυχίαις.

159 1001 202 1068 Et
225 1003 267 1069 de
289 1006 416 1087 βροτῶν
444 1005 574 1090 quidem
606 1017 702 1088 atque
729 1003 858 1088 μορφαὶ
888 1002 1045 1069 librorum
1074 1004 1326 1093 Euripidcorum

159 1103 253 1170 lectio
276 1104 406 1170 videtur
421 1106 514 1173 bone.
550 1106 615 1170 Sed
638 1103 672 1171 ἓν
695 1097 727 1169 δ’
751 1095 791 1168 λῖν
812 1095 940 1185 εὐτυχὲς
961 1107 1019 1170 vix
1041 1116 1090 1170 est
1103 1105 1325 1191 Euripideum.

159 1206 234 1286 Qua
265 1207 306 1272 dc
342 1228 440 1271 causa
467 1207 554 1293 quod
577 1206 736 1271 Heathius
762 1207 901 1293 conjecit
932 1203 988 1271 ἕνα
1012 1199 1045 1271 δ’
1071 1199 1111 1271 δν
1133 1198 1263 1294 εῖτυχῆ,
1294 1216 1326 1272 et

161 1307 369 1394 Musgravius
389 1310 611 1396 comprobavit
632 1317 664 1372 et
686 1305 867 1390 Dobraeus‚
890 1330 962 1371 cum
985 1298 1325 1391 alii‚'utMatthiaeus‚

160 1407 200 1476 G.
223 1409 446 1493 Hermannus‚
469 1409 655 1497 Pflugkius‚
686 1410 741 1494 qui
762 1407 818 1471 illa
840 1408 941 1473 verba
963 1410 1005 1474 ad
1028 1408 1127 1473 Hercu
1151 1409 1171 1475 f.
1195 1409 1257 1474 917
1280 1410 1326 1472 ita

158 1511 400 1597 interprctatur‚
423 1522 459 1576 ut
473 1512 558 1576 idem
573 1509 704 1576 valeant
725 1509 813 1596 quod
835 1506 972 1592 εὐτυχές,
995 1499 1065 1577 dtr
1079 1501 1119 1574 δν
1134 1505 1195 1596 εἴη,
1218 1508 1325 1574 lectio·

158 1634 231 1677 nem
244 1611 400 1677 librorum
410 1615 565 1678 tuendam
577 1613 772 1700 putaverint.
790 1610 914 1690 Quodsi
927 1611 1192 1696 consideraveris,
1200 1614 1326 1697 quoties

159 1712 334 1799 Euripides
357 1715 535 1779 orationem
551 1712 720 1779 absolvere
742 1711 843 1778 soleat
866 1715 1027 1777 communi
1048 1715 1208 1778 sententia
1230 1705 1325 1778 ἇσυν-

159 1813 260 1893 δέτως
285 1805 328 1879 'iis
353 1837 435 1901 quac
464 1815 660 1880 antecedunt
682 1814 794 1878 addita
826 1815 922 1896 (conf.
946 1839 976 1883 v.
1000 1816 1071 1881 449.
1095 1817 1167 1882 834.
1213 1814 1347 1900 δαρρλ

160 1941 189 1982 r.
213 1917 286 1984 508.
330 1915 409 1984 Hoc.
443 1940 472 1980 v.
496 1918 584 1982 627<
615 1917 671 1982 Or.
702 1917 1021 1984 v.70.727.1552.
1065 1916 1169 1980 Andr.
1199 1941 1229 1982 r.
1252 1916 1324 1980 639.

160 2017 282 2084 Phoen.
305 2041 336 2083 v.
354 2019 425 2082 584.
449 2019 521 2083 958.
565 2018 663 2082 Herc.
687 2017 708 2081 f.
732 2041 763 2081 v.
788 2019 859 2082 633.
883 2020 975 2083 1227.
1015 2018 1085 2106 Iph.
1103 2015 1141 2084 T.
1158 2019 1229 2083 605.
1253 2015 1323 2102 Iph.

158 2121 199 2185 A.
230 2143 262 2185 v.
293 2120 365 2186 502.
397 2121 490 2188 1252.
550 2119 622 2186 Alc.
650 2144 682 2184 v.
713 2120 807 2203 549),
841 2117 1073 2205 librariumque
1106 2121 1196 2183 exitu
1232 2117 1324 2182 verbi

159 2221 376 2309 διαφέρουσιν
397 2219 491 2284 facile
513 2223 656 2307 potuisse
677 2218 754 2301 falli,
777 2219 914 2285 fortasse
936 2220 1087 2306 probabis

584 2335 679 2405 ἴσον
701 2331 740 2402 δν
762 2333 899 2419 εὐτυχές,

158 2458 243 2520 sicut
253 2455 416 2521 Pindarus
434 2457 511 2520 dicit
529 2460 575 2539 (in
588 2457 638 2522 Ol.
651 2457 731 2521 VIII
743 2457 843 2539 v.370)
866 2452 903 2522 τὸ
924 2453 1061 2542 τερπνὸν
1081 2448 1112 2520 δ’
1139 2453 1173 2520 ἐν
1195 2447 1324 2540 ἀνθρώ-

161 2580 240 2636 ποις
254 2553 329 2622 ἴσον
345 2553 475 2623 ἔσσεται
498 2553 602 2625 οὐδέν.
641 2560 714 2624 Ηοο
735 2559 822 2623 idem
837 2569 886 2623 est
901 2572 996 2643 atque
1018 2559 1052 2621 in
1065 2557 1144 2624 Eur.
1160 2555 1271 2642 Suppl.
1292 2580 1324 2625 v·

160 2662 223 2725 269
247 2652 304 2725 oia
331 2655 421 2724 ἔστιν
442 2653 537 2725 οὐδὲν
560 2657 617 2726 διὰ
635 2659 748 2738 τέλους
762 2653 984 2742 εῶδαιμονοῶν,
1007 2668 1064 2723 aut
1077 2660 1110 2722 in
1127 2658 1324 2722 Moschionis

158 2763 272 2848 fragm.
296 2763 337 2827 10
360 2760 423 2844 (ed.
447 2760 581 2848 Wagn.)
613 2767 718 2841 κεῖνος
741 2757 771 2827 δ’
798 2755 953 2827 ἁπάντων
974 2759 1045 2825 ἐστὶ
1066 2755 1324 2842 μακαριώτατος,

159 2852 194 2941 ὃς
217 2859 274 2928 διὰ
294 2861 406 2941 τέλους
429 2861 491 2942 ζῶν
521 2856 644 2945 ὁμαλὸν
672 2856 813 2952 ἤσκησεν
843 2860 933 2946 βίον,
964 2874 1020 2927 aut
1042 2864 1076 2926 in
1097 2860 1176 2925 Eur.
1199 2861 1238 2927 fr.
1263 2862 1324 2925 196
1402 2950 1404 2954 7

157 2961 290 3030 τοιόσδε
304 2966 435 3048 θνητῶν
448 2966 513 3029 τῶν
532 2960 754 3051 ταλαιπώρων
768 2963 858 3047 βίος·
882 2958 950 3030 οὔτ’
977 2960 1102 3044 εὐτυχεῖ
1119 2953 1159 3027 τδ
1181 2956 1324 3041 πάμπαν

160 3056 232 3130 οὔτε
254 3066 413 3146 δυστυχεῖ.

245 3168 368 3257 Creusa
390 3187 463 3230 cum
484 3165 605 3230 nullam
628 3189 697 3231 esse
713 3190 802 3254 spem
823 3165 970 3247 audierit,
993 3163 1088 3228 deum
1111 3165 1171 3229 sibi
1193 3186 1323 3250 respon·

160 3289 270 3332 surum
293 3289 374 3350 esse,
394 3267 568 3352 videatque
589 3272 741 3334 maritum
763 3269 1004 3350 advenientem,
1026 3289 1096 3331 sese
1119 3267 1324 3351 acquiescere

158 3380 254 3454 atque
285 3376 468 3434 contentam
501 3392 570 3436 esse
604 3393 663 3436 sua
692 3371 874 3435 conditione
905 3368 1033 3433 simulat
1067 3369 1115 3431 his
1136 3365 1255 3444 verbis,
1288 3369 1323 3429 in

158 3471 247 3536 libris
271 3464 417 3556 ἀμέτρως
436 3474 564 3557 scriptis

389 3584 462 3655 ἀλλ’
488 3588 545 3656 εὀῖν
565 3587 625 3679 χρὴ
647 3581 732 3673 τάδ’,
756 3586 786 3654 εἰ
808 3577 892 3675 πρδς
912 3590 969 3654 τοῦ
989 3592 1072 3653 θεοῦ
1217 3589 1280 3652 390

388 3690 609 3775 κωλυόμεσθα
630 3691 674 3781 μὴ
697 3695 822 3774 μαθεῖν
844 3680 866 3756 dc
888 3683 1064 3774 βούλομαι.

157 3811 197 3875 In
227 3810 276 3876 his
306 3811 466 3875 sententia
495 3810 580 3874 bona
607 3813 721 3893 inerit,
751 3812 778 3874 si
800 3808 966 3896 paululum
991 3810 1158 3872 immutata
1180 3804 1322 3891 Duporti

157 3915 342 3998 conjectura
363 3910 480 3998 legeris

390 4024 463 4095 ἀλλ’
491 4020 562 4096 οὖν
585 4027 643 4094 εὐῖν
663 4052 710 4110 με
729 4027 789 4115 χρὴ
811 4024 900 4109 τάδ’,

159 4153 179 4214 i.
203 4173 230 4215 e.
253 4150 332 4236 quid
354 4171 454 4236 puero
477 4150 597 4214 factum
619 4149 676 4229 sit,
702 4157 738 4210 ut
768 4145 826 4212 ἐᾶν
852 4170 955 4235 paene
986 4147 1072 4211 idem
1101 4147 1208 4211 valcat
1235 4148 1322 4233 quod

158 4251 318 4337 στέργειν,
351 4254 497 4317 omittere
520 4261 618 4337 atque
642 4259 824 4315 contentam
846 4271 932 4332 esse,
962 4250 995 4311 in
1025 4248 1206 4335 fragmento
1236 4250 1322 4336 quod

158 4354 276 4420 dicitur
299 4353 466 4440 Euripidis
487 4355 598 4438 (1061)
627 4346 760 4416 πάντων
782 4347 915 4438 ἄριστον
938 4347 984 4438 μὴ
1009 4345 1190 4434 βιάζεσθαι
1213 4348 1320 4430 θεούς,
