2978 4950
531 1647 660 1766 DE
712 1647 978 1771 [ONE.

737 1977 762 2043 Ι.

232 2215 303 2278 .De
326 2214 416 2280 initio
438 2215 553 2280 Ionis
575 2213 772 2300 Euripideae

405 2393 533 2481 Ἄτλας,
557 2393 574 2466 ὃ
594 2395 903 2482 χαλκέοισι·νώτοις
924 2398 1059 2488 οὐρανὸν

414 2507 503 2569 θεῶν
525 2497 672 2569 παλαιὸν
695 2493 788 2568 οἶκον
811 2501 977 2588 ἐκτρίβων,

166 2688 323 2752 disseram
352 2710 416 2753 non
447 2711 509 2775 quo
540 2690 800 2773 conjecturarum
832 2689 873 2753 de
903 2689 952 2753 his
985 2690 1133 2754 versibus
1162 2714 1331 2757 numerum

164 2790 349 2874 augendum
372 2813 442 2856 esse
463 2813 626 2874 censeam,
651 2790 707 2854 sed
730 2793 807 2875 quia
829 2788 924 2856 lectio
950 2792 1080 2857 diversa
1102 2791 1144 2855 ab
1171 2815 1225 2875 ea,
1249 2817 1331 2880 quae

162 2893 197 2956 in
220 2890 406 2977 Euripideis
427 2892 518 2959 libris
547 2904 604 2968 est,
633 2902 731 2977 atque
753 2891 852 2957 multo
884 2893 1046 2979 antiquior
1074 2895 1205 2958 videtur
1226 2898 1332 2961 inesse

162 2996 197 3059 in
219 2993 518 3058 Herculanensibus
548 2993 610 3057 illis
640 2993 820 3057 Philodemi
851 2994 891 3058 de
922 2995 1042 3080 pietate
1063 2997 1252 3081 fragmentis
1284 3001 1332 3081 (in

162 3094 243 3160 0011.
271 3094 337 3164 Alt.
367 3093 581 3180 Neapolitana
604 3117 631 3157 a.
648 3093 928 3176 MDOCOLXIII,
952 3095 1015 3162 vol.
1036 3097 1070 3162 H
1093 3096 1157 3164 tab.
1171 3099 1236 3182 87).
1258 3099 1331 3163 Pri-

161 3204 233 3261 mus
256 3197 341 3260 enim
363 3198 404 3262 A.
426 3197 596 3262 Nauckius
622 3197 656 3259 in
678 3195 891 3262 Miscellaneis
915 3197 1050 3265 Graecis
1079 3207 1176 3284 atque
1205 3200 1331 3266 Latinis

163 3298 360 3362 Academiae
383 3298 598 3363 Scientiarum
619 3298 877 3384 Petropolitanae
906 3299 983 3382 (vol.
1007 3302 1093 3387 Hp.
1117 3303 1207 3385 634),
1236 3303 1330 3366 editis

160 3398 492 3479 a.MDOOOLX1V‚
523 3400 690 3486 perspexit
720 3398 949 3466 aPhilodemo
987 3403 1079 3467 citari
1118 3402 1203 3468 hunc
1235 3404 1330 3467 Euri·

159 3500 245 3588 pidis
272 3523 419 3582 versum,
454 3501 569 3565 deinde
600 3501 760 3586 quaedam
791 3501 990 3580 Simonides,
1024 3514 1185 3588 postremo
1215 3506 1328 3570 Hesio·

159 3604 256 3668 deum
287 3605 331 3686 (v.
354 3603 461 3689 theog.
483 3604 560 3687 517)
592 3593 711 3682 Ἄτλας
741 3598 773 3668 d'
800 3597 935 3686 os'povdv
964 3596 1056 3691 εὗρύν
1086 3601 1153 3686 ἔχει
1174 3610 1330 3694 κρατερῆς

158 3698 217 3770 ὑπ’
251 3699 409 3792 ἀνάγκης,
444 3707 478 3770 in
512 3727 576 3791 quo
608 3715 641 3769 et
669 3706 739 3791 ipso
770 3728 886 3770 nomen
912 3704 1054 3771 Atlantis
1085 3729 1105 3771 a
1135 3707 1327 3795 philosopho

158 3807 291 3872 videtur
313 3806 458 3873 consulto
482 3807 634 3872 omissum
657 3828 735 3870 esse.
784 3805 909 3887 Quodsi
932 3808 1187 3873 consideraveris
1217 3808 1328 3875 literas

157 3933 242 3996 quae
265 3933 351 3975 nunc
373 3908 517 3993 reliquae
539 3917 613 3973 sunt
635 3928 746 3992 eaque,
770 3907 886 3992 quibus
906 3909 991 3974 inter
1013 3933 1047 3974 se
1066 3909 1195 3987 distant,
1222 3914 1328 3997 spatia

155 4022 255 4098 atque
277 4035 407 4077 versum
436 4009 635 4076 Hesiodeum
659 4009 858 4094 expleveris,
888 4012 946 4074 vix
974 4033 1042 4076 esse
1072 4010 1206 4074 dubium
1239 4014 1326 4077 vide-

155 4113 262 4197 bitur,
290 4115 367 4200 quin
397 4113 610 4200 Euripideum
643 4134 773 4177 versum
799 4111 1007 4197 philosophus
1029 4112 1123 4176 aliter
1152 4111 1267 4198 legerit
1295 4127 1328 4181 et

156 4216 323 4301 scripserit
348 4225 446 4301 atque
471 4214 611 4280 traditus
638 4223 685 4279 est
716 4236 736 4278 a
765 4212 905 4278 librariis
938 4213 1032 4298 hujus
1062 4213 1201 4280 fabulae.
1252 4216 1326 4281 Hoc

154 4317 241 4381 enim
271 4317 366 4383 modo
401 4316 578 4402 explendas
608 4315 740 4380 lacunas
769 4315 949 4401 putaverim
978 4316 1012 4380 in
1041 4314 1096 4381 illo
1126 4316 1326 4401 fragmento:

1122 4419 1134 4471 l
