2978 4950
161 246 202 310 26

163 408 274 497 μεῖζόν
294 438 327 478 τι
349 409 476 502 χρῄζεις
497 412 626 488 παῖδας
640 403 660 498 ἢ
674 411 897 493 σεσωσμένους
911 409 1038 475 Iocasta
1056 410 1243 496 respondet:
1264 412 1324 477 aui

160 508 353 582 τάπίλοιπά
376 508 405 600 γ’
432 510 461 579 εί
485 514 593 592 καλῶς
614 508 753 594 πράσσω
778 505 902 593 κλύειν,
931 522 967 576 ut
997 509 1252 576 subaudiendum
1282 515 1325 580 sit

160 616 277 708 sotto.

248 738 286 801 In
306 737 451 802 oratione
473 732 610 820 Pythiae
632 755 729 819 quam
752 732 893 796 diximus
917 733 1012 796 etiam
1035 731 1099 795 alia
1121 748 1209 816 sunt,
1239 757 1324 821 quae

162 841 375 926 suspicionem
398 848 558 902 moveant.
601 837 692 901 Dicit
714 837 798 899 enim
821 833 876 897 illa

337 989 481 1072 ἐπίσχες,
506 978 531 1056 ὦ
555 995 638 1055 παῖ·
661 987 804 1072 τρίποδα
827 983 887 1072 γὰρ
908 985 1100 1075 χρηστήριον
1196 993 1280 1056 1320

336 1095 482 1158 λιποῦσα
504 1087 643 1177 θριγκὸν
663 1085 752 1158 τόνδ’
778 1082 973 1174 ὑπερβάλλω
996 1085 1088 1156 πόδα

338 1194 466 1278 Φοίβου
489 1197 664 1283 προφῆτις,
687 1190 845 1277 τρίποδος
868 1187 1005 1273 άρχαῖυν
1028 1185 1126 1274 νόμον

335 1293 494 1384 σῴζουσα,
516 1299 634 1360 πασῶν
655 1292 832 1381 Δελφίδων
852 1290 1025 1375 ἐξαίρετος.

244 1467 290 1532 Ut
323 1470 405 1532 enim
440 1451 611 1552 probhmus
645 1462 857 1529 Heimsoethii
892 1464 1129 1548 conjecturam,
1167 1467 1222 1552 qui
1258 1490 1320 1552 pro

159 1567 305 1653 τρίποδα
328 1569 500 1654 legendum
524 1578 632 1632 censet
660 1568 770 1649 δῶμα,
799 1576 904 1629 tamen
928 1586 1097 1650 quemnam
1121 1565 1175 1630 illa
1201 1591 1324 1634 morem

160 1692 291 1735 servare
314 1672 450 1748 dicatur,
472 1692 602 1756 prorsus
618 1692 683 1733 non
705 1678 809 1754 potest
824 1664 974 1750 intellegi,
1013 1669 1081 1731 Aut
1104 1689 1169 1753 qua
1190 1692 1226 1734 re
1248 1694 1323 1735 eum

159 1772 290 1835 servat?
322 1773 377 1836 An
407 1771 623 1856 egrediendo?
656 1771 742 1834 Num
763 1769 823 1832 hoc
846 1768 909 1837 dici
937 1771 1040 1854 potuit
1062 1761 1199 1854 ἀρχαῖον
1221 1766 1322 1854 νόμον

159 1867 299 1959 σῴζεινλ
349 1872 398 1937 Ne
435 1873 571 1938 Seidleri
609 1872 738 1958 quidem
774 1872 946 1952 sententia,
982 1873 1037 1957 qui
1073 1870 1206 1938 fortasse
1242 1874 1325 1940 haec

160 1973 262 2038 verba
284 1974 325 2037 ad
344 1976 448 2060 ipsum
473 1997 696 2061 praegressum
720 1972 847 2058 Φοίβου
875 1977 1041 2063 προφῆτις
1062 1976 1230 2041 referenda
1253 1999 1324 2043 esse

159 2076 253 2160 dicit,
287 2099 339 2140 res
368 2077 496 2141 videtur
526 2076 681 2163 expediri.
731 2077 846 2159 Itaque
878 2074 957 2141 haec
987 2078 1087 2143 verba
1116 2100 1136 2140 a
1163 2075 1326 2163 τρίποδος

160 2177 326 2263 usquead
350 2181 476 2258 πασῶν,
503 2177 590 2262 quod
611 2179 663 2242 hic
685 2201 749 2242 non
772 2180 875 2262 magis
904 2187 952 2243 est
978 2181 1195 2243 necessarium
1224 2203 1324 2266 quam

159 2281 193 2344 in
213 2305 245 2348 v.
268 2282 318 2362 92,
342 2279 498 2344 emblema
521 2301 590 2343 esse
603 2281 783 2364 putaverim
800 2279 988 2364 diorthotae,
1010 2282 1062 2344 cui
1078 2280 1199 2366 placuit
1213 2293 1323 2347 notam

59 2428 60 2432 ,
161 2381 248 2446 illam
269 2380 463 2445 locutionem
485 2383 626 2446 inserere
643 2383 738 2465 (conf.
751 2407 782 2446 v.
795 2385 836 2446 20
852 2376 1021 2467 προγόνων
1044 2379 1141 2464 νόμον
1163 2376 1323 2469 σῴζουσα,

160 2494 192 2548 et
215 2481 324 2568 Suppl.
349 2507 379 2547 v.
402 2485 464 2548 526
487 2495 518 2548 et
539 2485 614 2567 671)
638 2495 736 2569 atque
759 2483 947 2568 Euripidem
971 2486 1135 2570 scripsisse

369 2624 496 2717 Φοίβου
519 2641 694 2724 προφῆτις,
717 2636 895 2720 Δελφίδων
917 2635 1089 2721 ἐξαίρετος.

246 2790 418 2873 Privignos
441 2812 505 2853 non
528 2793 630 2853 amari
651 2813 671 2853 a
693 2792 839 2855 novercis
870 2813 939 2855 cum
970 2790 1040 2856 aliis
1070 2791 1148 2856 locis
1175 2791 1322 2877 legimus,

159 2903 227 2955 tum
249 2893 284 2955 in
306 2915 336 2956 v.
362 2892 453 2973 1329,
476 2889 531 2954 ubi
554 2891 673 2976 Pythia
694 2891 827 2956 insidias
851 2890 992 2958 Creusae
1014 2894 1142 2958 videtur
1164 2915 1322 2959 excusare

158 2992 208 3056 his
229 2991 353 3056 verbis:

368 3150 546 3230 προγονοῖς
567 3143 728 3232 δάμαρτες
751 3147 917 3229 δυσμενεῖς
939 3143 991 3212 όεί
1014 3171 1104 3216 ποτε.

244 3314 369 3394 Quodsi
391 3313 593 3401 comparabis
616 3315 687 3380 Alc.
707 3341 737 3380 v.
757 3318 819 3381 309
843 3313 948 3400 ἐχθρὰ
971 3313 1030 3401 γάρ
1053 3311 1072 3404 ἡ
1096 3317 1238 3385 ε’πιοῦσα
1259 3345 1321 3404 μη-

156 3413 253 3502 τρυιὰ
284 3418 410 3496 τέκνοις
437 3420 508 3496 τοῖς
536 3409 675 3502 πρόσθ’,
708 3428 764 3482 aut
785 3420 888 3504 Aegei
916 3420 1029 3504 fragm.
1052 3423 1072 3485 4
1101 3408 1242 3507 πέφυκε
1260 3417 1322 3508 γάρ

157 3542 230 3596 πως
259 3517 361 3584 παισί
390 3520 552 3601 πολέμιος
589 3518 665 3605 γυνὴ
692 3523 763 3596 τοῖς
792 3516 942 3603 πρόσθεν
971 3515 990 3609 ἡ
1021 3522 1151 3606 ζυγεῖσα
1185 3523 1320 3608 δευτέρα

156 3619 276 3702 πατρί,
311 3620 479 3704 intelleges
512 3623 546 3686 in
579 3644 609 3685 v.
633 3623 716 3688 1329
748 3622 898 3708 Pythiam
930 3646 1032 3709 paene
1066 3625 1159 3688 nimis
1190 3626 1320 3690 studere

157 3721 318 3785 brevitati.
371 3721 454 3786 Nam
483 3718 629 3806 δεύτεραι
660 3736 745 3790 certe
775 3725 894 3789 addere
922 3724 1070 3790 debebat.
1122 3726 1189 3791 Aut
1211 3729 1238 3790 si
1260 3752 1319 3813 μη-

156 3821 244 3905 τέρες
266 3824 396 3906 diceret‚
419 3830 599 3910 comparari
621 3839 728 3913 posset
751 3828 800 3910 id,
828 3826 914 3912 quod
937 3824 1059 3891 Creusa
1081 3828 1160 3892 dicit
1180 3852 1210 3893 v.
1234 3832 1318 3895 1025

157 3928 297 4010 φθονεῖν
319 3920 381 4011 γάρ
401 3947 485 4009 φασι
507 3924 666 4011 μητρυιὰς
687 3928 821 4008 τέκνοις.
873 3929 948 3994 Plus
977 3952 1055 3994 vero
1085 3929 1162 3993 mihi
1188 3931 1318 4015 quidem

156 4027 345 4102 suspicionis
382 4050 512 4092 movere
555 4030 700 4108 videtur,
745 4031 832 4117 quod
872 4031 1010 4117 Pythiae
1050 4031 1223 4117 respondet
1259 4033 1318 4098 Ion

156 4128 199 4207 (v.
225 4128 335 4210 isson

366 4258 460 4353 ἡμεῖς
483 4266 520 4332 δὲ
537 4269 711 4352 μητρυιαῖς
731 4290 765 4353 γε
787 4262 967 4350 πάσχοντες
987 4274 1104 4347 κακῶς.
