2978 4950
1307 321 1326 383 5

159 485 282 549 ditione
305 483 441 550 Medeae
464 483 620 547 similibus
641 494 739 569 poeta
755 487 856 550 utitur
874 485 998 550 verbis:
1022 490 1128 552 κεῖται
1153 480 1185 552 δ’
1205 479 1328 567 ύσιτος,

158 583 215 651 τὸν
242 581 353 651 πάντα
377 581 578 672 συντήκουσα
602 580 757 670 δακρύοις
779 580 907 669 χρόνον,
938 577 1005 652 oi‘s'
1040 579 1119 670 ὄμμ’
1153 585 1325 674 εἰταίρουσ

159 681 233 754 ούτ>
255 680 519 753 διπαλλύσσουσα
550 691 606 772 γῆς
636 683 819 769 πρόσωπον
848 688 948 770 (Med.
978 713 1008 754 v.
1038 692 1088 754 24.
1118 693 1169 756 25.
1191 692 1240 757 27.
1265 693 1328 774 28).

158 789 203 854 Et
225 790 303 875 quid
325 789 413 854 aliud
436 797 484 851 est
505 790 539 851 in
553 787 652 874 Hipp.
669 813 699 856 v.
713 790 775 854 245
796 783 870 852 κατ)
897 783 1004 856 ύσσων
1024 786 1126 874 δάκρυ
1149 816 1206 874 μοι
1221 791 1328 876 βαίνει

159 889 218 956 καὶ
241 884 295 954 ἐπ’
323 883 479 972 αἰσχύναν
512 879 603 970 λίμμα
632 890 839 972 τέτραπταιλ
891 891 964 956 Non
992 894 1037 957 ita
1064 894 1229 958 diversum
1258 894 1328 961 Ion.

158 1017 190 1058 v.
213 994 276 1057 582
299 1002 331 1056 et
346 991 432 1056 Med.
449 993 576 1056 v.1012
600 988 632 1054 τί
656 986 696 1078 δή
728 996 887 1074 κατηφεῖς
917 983 1007 1074 ύμμα
1030 993 1088 1059 καί
1108 995 1327 1081 δακρυρροεῖς,

158 1093 230 1161 coll.
254 1093 384 1158 Heraol.
407 1118 435 1158 v.
458 1095 520 1158 633
544 1091 601 1157 καὶ
623 1092 768 1182 κατηφὲς
796 1083 876 1176 iipp'
904 1091 1003 1176 ἔχειςς
1032 1095 1103 1180 Iph.
1127 1095 1167 1160 A.
1190 1120 1220 1162 v,
1246 1101 1328 1163 1122

158 1197 286 1276 τέκνον,
309 1194 343 1260 τί
366 1192 493 1272 κλαίεις
518 1186 591 1259 οὐδ’
626 1186 679 1258 tll'
715 1188 819 1282 ήδέως
848 1188 939 1282 ὁρᾷς,
971 1193 1018 1274 εἶς
1049 1201 1104 1282 γῆν
1134 1193 1167 1261 δ’
1202 1193 1329 1281 ἐρείσας

159 1287 251 1380 δμμα
274 1290 402 1383 πρόσθ’
430 1291 514 1376 ἔχεις
536 1293 688 1373 πέπλους
695 1323 705 1375 ,·
727 1296 779 1358 vel
799 1295 855 1360 ubi
873 1296 913 1359 de
928 1299 1098 1362 metuentis
1114 1298 1207 1362 vultu
1223 1322 1328 1363 sermo

160 1408 223 1480 est,
253 1398 324 1485 Iph.
356 1399 396 1466 A.
425 1421 457 1464 v.
489 1398 551 1460 322
581 1397 652 1477 μῶν
685 1395 802 1481 τρέσας
839 1389 896 1462 ούκ
927 1391 1132 1481 ἀνακαλύψω
1161 1400 1329 1484 βλέφαρον

160 1491 302 1582 Ἀτρέως
325 1492 443 1584 γεγώςς
467 1496 618 1561 Ceterum
641 1492 786 1582 συντήκιο
817 1497 923 1585 paullo
954 1498 1047 1563 aliter
1077 1509 1213 1585 usurpat
1235 1499 1329 1564 Euri·

158 1600 267 1685 pides‚
291 1599 332 1668 ef.
355 1600 441 1664 Med.
465 1622 496 1663 v.
520 1600 577 1680 25,
600 1598 675 1684 ΙΙρ1]Ι
701 1601 741 1664 Α.
765 1625 795 1668 v.
819 1602 881 1665 898
914 1598 972 1681 ἐμὲ
1002 1596 1191 1686 συντήξουσι
1221 1600 1329 1680 νύκτες

159 1693 280 1786 ήμέραι
311 1725 346 1766 τε
371 1695 533 1785 δακρύοις,
553 1699 624 1764 aliis
647 1699 725 1764 loeis
755 1701 833 1766 dicit
859 1696 993 1789 ἐκτήκω,
1015 1711 1051 1765 ut
1076 1701 1190 1780 inOr.
1210 1728 1242 1768 v.
1266 1706 1328 1769 134

159 1793 250 1884 δμμα
282 1797 314 1866 δ’
353 1799 519 1881 ἑκτίξοοσ
558 1797 636 1884 ἐμὸν
671 1798 834 1886 δακρύοις,
868 1827 896 1867 v.
923 1805 985 1868 529
1018 1796 1172 1888 δακρύοις
1202 1801 1324 1887 γέροντ’

160 1896 339 1992 ὀφθαλμὸν
369 1898 494 1991 ἐκτήκω
526 1901 637 1981 τάλας.
691 1903 801 1988 Atque
824 1905 927 1989 potuit
951 1905 1080 1989 quidem
1103 1914 1198 1988 poeta
1221 1906 1329 1969 dicero

157 2000 395 2090 συγκρύψασα,
424 2014 461 2069 ut
488 2006 522 2068 in
544 2003 656 2090 Suppl.
686 2029 717 2071 v.
741 2007 803 2070 286
827 2006 911 2068 dixit
932 2004 966 2068 τί
992 2003 1117 2084 κλαίεις
1146 2001 1241 2071 λέπτ’
1269 2002 1325 2071 ἐπ’

159 2102 315 2189 ὀμμάτων
336 2103 426 2192 φοίρή
448 2107 597 2188 βαλοῦσα
618 2108 683 2171 τῶν
702 2109 777 2185 σῶν,
799 2109 832 2170 in
846 2106 944 2173 Here.
959 2107 980 2171 f.
996 2132 1026 2171 v.
1042 2109 1122 2172 1111
1146 2105 1180 2170 τί
1203 2107 1331 2185 κλαίεις
1404 2139 1405 2143 ’

158 2208 216 2273 καί
241 2204 460 2289 ξυναμπίσχει
483 2207 600 2292 κόρας,
643 2206 755 2291 Neque
778 2229 854 2272 vero
879 2207 1055 2293 quidquam
1077 2209 1276 2272 mutandum.

244 2326 323 2391 Post
345 2347 475 2389 versum

365 2464 448 2548 τιμᾷ
470 2482 533 2546 σφε
558 2463 685 2543 Φοῖβος
708 2452 880 2546 ἀστραπαί
901 2485 935 2526 τε
954 2458 1088 2526 Πύθιαι
1209 2464 1287 2527 285

161 2607 283 2683 puncto
307 2619 376 2661 esse
400 2595 664 2678 distinguendum
686 2598 832 2680 videtur,
856 2621 919 2662 non
942 2598 1204 2681 interrogationis
1228 2600 1329 2683 signo,

162 2698 249 2785 quod
273 2721 312 2763 ea
340 2719 417 2784 pars
439 2696 701 2782 stichomythiae‚
739 2699 772 2761 in
808 2718 872 2781 qua
905 2698 964 2762 Ion
998 2700 1238 2788 interrogantis
1259 2702 1329 2763 vice

159 2799 324 2881 fungitur,
354 2802 400 2864 ita
421 2799 551 2862 videtur
582 2801 770 2874 constituta,
805 2808 841 2861 ut
869 2798 918 2862 bis
948 2800 1126 2884 interroget
1155 2803 1329 2882 quaternis,

158 2899 212 2964 bis
237 2901 343 2985 quinis
361 2899 522 2965 -versibus
552 2898 785 2964 alternantibus
815 2898 858 2982 (4,
877 2901 905 2976 5,
929 2901 958 2981 4,
982 2901 1019 2964 5:
1040 2923 1071 2964 v.
1095 2924 1126 2964 v.
1151 2903 1330 2984 265-271,

157 3003 350 3084 275-283,
374 3003 554 3084 287-293,
578 3001 776 3082 ael-305),
809 3008 958 3085 quartam
987 3008 1093 3063 autem
1124 3011 1156 3065 et
1186 3004 1329 3088 quintam

158 3124 320 3188 quamque
344 3104 629 3187 interrogationem
653 3113 806 3186 sequatur
828 3122 960 3175 versus,
988 3121 1051 3185 quo
1081 3111 1137 3165 aut
1158 3102 1329 3170 affirmatio

162 3206 346 3279 continetur
370 3216 425 3269 aut
448 3204 641 3268 exclamatio
663 3204 748 3286 (273.
772 3204 844 3268 285.
868 3203 940 3266 295,
963 3203 1050 3285 307).
1123 3240 1127 3245 «

246 3303 374 3368 Deinde
390 3307 461 3371 loni
477 3306 699 3389 interroganti,
723 3302 842 3388 quade
863 3324 961 3366 eausa
982 3302 1106 3369 Creusa
1127 3305 1331 3372 abominetur

159 3404 251 3470 illum
274 3405 390 3489 locum,
412 3407 465 3469 oui
479 3404 595 3490 Apollo
619 3415 743 3469 tantum
765 3405 883 3469 habeat
904 3403 1065 3490 honorem,
1089 3417 1164 3470 ante
1178 3408 1330 3474 Herwer-

158 3507 237 3571 deni
260 3507 434 3573 editionem
453 3506 612 3592 putabant
631 3507 781 3572 librarios
800 3505 888 3568 illam
911 3505 1017 3570 faeere
1038 3509 1286 3593 respondentem

367 3653 468 3742 οὐδέν,
492 3653 575 3738 ξέν’·
601 3650 667 3723 οἷδ’
688 3650 855 3741 ι’ύντροισιν
878 3654 1033 3744 αίσχύνήν
1055 3655 1129 3724 τινά
1224 3663 1286 3727 288

158 3832 336 3897 omnesque
365 3822 557 3896 receperunt
587 3811 844 3875 emendationem
866 3809 1041 3896 Tyrwhitti
1070 3807 1178 3878 ούδέν’
1203 3807 1326 3894 ξύνοιδ’

162 3904 333 3999 ι’ίντροισιν
360 3912 430 3980 κτλ.
481 3914 525 3976 At
555 3913 730 3998 permirum
760 3922 859 3992 esset,
890 3913 917 3975 si
943 3911 1067 3978 Creusa
1094 3915 1230 3998 diceret,
1260 3939 1330 3982 sese

164 4016 274 4100 specui
297 4036 367 4079 esse
398 4018 558 4079 consciam
592 4014 633 4078 de
662 4016 748 4098 turpi
779 4011 918 4097 quodam
945 4016 1097 4079 laoinore.
1144 4017 1227 4080 Nam
1257 4040 1330 4081 oum

160 4138 226 4182 non
256 4116 399 4201 potuerit
428 4119 506 4202 quin
536 4117 697 4180 mentione
728 4113 768 4177 de
799 4115 934 4200 rupibus
964 4114 1053 4180 illata
1083 4115 1210 4180 fatalem
1240 4117 1329 4182 illum
1358 4158 1360 4162 ⁴

160 4238 293 4302 specum
315 4215 520 4298 recordetur,
551 4216 630 4302 quid
660 4224 708 4280 est
735 4215 820 4298 quod
848 4215 956 4279 disere
983 4219 1085 4302 possit
1108 4219 1169 4281 nisi
1194 4219 1330 4283 eundem

160 4317 282 4384 vidisse
306 4316 393 4382 illam
415 4319 566 4403 injuriam
588 4315 641 4382 vel
665 4317 828 4381 conscium
855 4338 924 4380 esse
947 4317 987 4381 de
1010 4317 1072 4382 ea?
1118 4317 1200 4383 Cum
1224 4328 1331 4384 autem
