2978 4950
166 263 186 325 4

170 431 231 496 hoc
259 430 329 496 loco
358 433 439 496 adeo
462 431 612 495 distincte
642 431 878 513 circumscribi,
910 440 945 494 ut
971 432 1102 495 minime
1132 433 1173 495 sit
1202 431 1339 498 dubium

170 532 248 618 quin
271 531 350 595 deus
373 524 578 618 προλογίζων
600 531 783 612 mentiatur,
810 552 883 595 cum
912 531 1189 597 adulescentulum
1218 533 1297 597 dicit
1318 557 1341 598 a

173 631 309 718 Delphis
340 634 547 698 constitutum
578 655 652 698 ¹esse
687 629 921 716 χρυσοφύλακα
958 637 1015 699 τοῦ
1043 635 1125 698 θεοῦ
1154 632 1276 714 ταμίαν
1302 659 1340 701 τε

171 730 304 799 πάντων
326 729 447 799 πιστόν
470 736 512 816 (v.
536 737 600 818 54).
652 733 717 812 Qui
746 735 772 799 si
804 756 840 798 re
868 758 947 799 vera
976 736 1088 799 fuisset
1116 731 1338 824 χρυσοφύλαξ,

170 837 314 901 ἀοίκητα
337 835 459 901 honore
481 837 550 923 ipse
573 858 637 901 non
660 836 818 920 potuisset
839 845 957 905 tacere.
1002 836 1051 900 Ne
1075 833 1246 925 ναοφύλαξ
1267 841 1336 922 qni-

170 938 252 1019 dem,
273 948 309 1002 ut
330 937 497 1002 Nauckius
519 938 664 1021 conjecit,
695 939 798 1022 potuit
826 937 999 1024 appellari3
1029 938 1070 1003 ab
1096 937 1158 1002 hac
1189 940 1273 1003 enim
1300 961 1337 1003 re

169 1040 263 1105 etiam
285 1040 388 1123 magis
408 1048 492 1103 esset
514 1038 670 1103 absonum
692 1037 772 1102 illud
793 1038 914 1121 ταμίας
935 1034 1067 1105 πάντων
1086 1034 1215 1118 πιστός.

255 1139 369 1227 Cygno
398 1137 564 1203 advolanti
593 1137 635 1201 ad
665 1139 820 1226 templum
848 1141 908 1207 Ion
941 1143 1099 1226 minatur,
1132 1142 1193 1205 nisi
1227 1143 1336 1206 statim

165 1243 354 1326 avolaverit,
377 1264 410 1308 se
432 1241 551 1324 sagitta
572 1262 644 1304 enm
667 1264 737 1307 esse
758 1241 1018 1308 vulneraturum:

497 1373 659 1460 αἱμάξεις,
680 1376 710 1444 εί
730 1375 775 1465 μὴ
799 1377 921 1457 πείσει,
1105 1381 1165 1444 168

502 1477 561 1558 τὰς
582 1475 854 1567 καλλιφθόγγους
877 1473 973 1567 ᾠδός.
1181 1476 1183 1481 ’

249 1615 301 1678 De
330 1615 391 1678 hac
412 1613 569 1679 librorum
595 1615 756 1700 scriptura
785 1625 872 1679 recte
894 1613 934 1681 A.
958 1613 1180 1679 Kirchhoffius
1204 1613 1336 1699 judicat

166 1739 239 1782 cum
273 1717 463 1801 Musgravio
501 1715 674 1802 legendum
707 1737 777 1780 esse
799 1711 932 1797 αίμόξω
955 1709 998 1794 σ’,
1031 1717 1098 1780 sine
1121 1714 1219 1779 dubio
1243 1725 1334 1780 ratus

165 1819 227 1884 hoc
260 1840 280 1882 a
312 1816 454 1881 librariis
487 1826 672 1904 corruptum
707 1840 790 1901 esse,
824 1840 898 1881 cum
929 1815 1039 1882 πείσει
1074 1828 1236 1902 sequatur.
1287 1817 1335 1883 Ut

162 1930 269 1984 autem
302 1919 428 2004 sapiant
456 1916 580 2004 aliquid
608 1917 688 1983 haec
719 1920 835 2004 verba,
866 1917 1003 2001 efficies,
1038 1920 1065 1983 si
1095 1929 1225 2004 praeter
1251 1918 1333 1983 illud

162 2021 329 2106 scripseris

458 2133 590 2220 αἱμόξω
613 2129 659 2220 o',
682 2132 712 2202 εί
733 2132 778 2223 μὴ
799 2135 922 2218 πείσει,

459 2237 534 2319 σόις
556 2233 827 2324 καλλιφθόγγους
848 2231 878 2302 τ’
905 2231 1001 2324 ᾠδός,

162 2374 338 2440 vulnerabo
355 2387 387 2440 te
402 2398 475 2440 cum
490 2376 550 2440 isto
574 2375 667 2440 suavi
682 2385 788 2455 cantu,
805 2375 824 2443 i.
840 2397 867 2440 e.
885 2371 1008 2459 καίπερ
1024 2372 1183 2457 μελιβόαν
1199 2375 1330 2461 (fragm.

162 2477 235 2554 775,
258 2478 314 2560 32)
338 2467 425 2556 όντα,
450 2476 493 2539 de
518 2498 583 2561 qua
604 2475 756 2560 loquendi
778 2475 1009 2540 consuetudine
1034 2477 1173 2541 conferri
1195 2490 1334 2563 possunt

164 2581 358 2664 interpretes
380 2579 422 2642 ad
443 2576 540 2663 Soph.
559 2577 612 2662 Aj.
630 2601 660 2640 v.
677 2577 769 2659 1147,
793 2575 876 2642 Phil.
898 2601 930 2644 v.
949 2578 1040 2659 1373,
1063 2576 1143 2643 Oed.
1154 2579 1191 2643 R.
1213 2602 1244 2646 v.
1257 2581 1331 2664 905,

163 2680 240 2745 Eur.
265 2679 336 2766 lph.
359 2680 399 2743 A.
423 2704 454 2744 v.
475 2681 547 2763 393,
570 2678 680 2744 Wolff.
703 2678 745 2741 ad
768 2678 867 2764 Soph.
890 2679 1002 2762 Antig.
1026 2703 1056 2748 v.
1080 2682 1132 2763 95,
1160 2679 1264 2744 Klotz.
1288 2681 1330 2744 ad

163 2781 241 2845 Eur.
266 2780 322 2849 Or.
345 2804 378 2848 v.
401 2783 473 2864 545,
495 2779 679 2845 Meinekius
701 2781 734 2843 in
758 2780 807 2844 ed.
830 2779 911 2845 Oed.
935 2779 1003 2845 Col.
1026 2803 1057 2866 p.
1082 2784 1152 2846 169.

246 2884 307 2948 Ion
344 2882 499 2948 Creusam
532 2882 674 2946 lacrimis
707 2881 829 2946 obortis
862 2881 903 2944 ad
921 2883 1090 2968 templum
1122 2883 1331 2947 accedentem

160 2985 362 3070 conspicatus
383 2983 462 3048 dicit

357 3112 431 3181 ἀλλ’
458 3109 642 3202 ἐξέπληξάς
663 3109 698 3198 μ’
726 3111 816 3198 όμμα
839 3113 1049 3204 συγκλῄσασα
1071 3115 1129 3185 σὸν
1264 3123 1326 3186 241

358 3216 514 3302 δακρύοις
534 3211 575 3283 θ’
602 3210 758 3303 ύγρόνασ’
783 3209 894 3307 εύγενῆ
916 3217 1075 3306 παρηίδα,

357 3312 400 3397 ὥς
421 3311 506 3398 εἶδες
528 3311 611 3402 ἁγνὰ
633 3318 765 3399 Λοξίου)
782 3314 971 3407 χρηστήρια.

243 3473 282 3536 Ια
304 3497 335 3539 v.
359 3474 419 3537 241
444 3471 486 3540 H.
511 3495 576 3536 van
595 3472 797 3537 Herwerden
819 3468 1028 3561 συγκλῄσασα
1050 3495 1116 3537 non
1132 3496 1201 3538 esse
1216 3485 1328 3560 aptum

160 3584 258 3656 ratus,
281 3572 366 3658 quod
389 3571 595 3637 lacrimantes
610 3598 675 3639 non
690 3572 813 3649 soleant
836 3572 944 3639 oculos
960 3573 1121 3655 claudere,
1144 3570 1328 3663 συντήξασα

159 3677 333 3760 proposuit.
381 3674 489 3739 Minus
512 3686 615 3759 recte3
642 3697 749 3761 neque
775 3677 858 3739 enim
881 3674 961 3739 illud
990 3685 1079 3739 recte
1101 3676 1329 3742 animadvertit

161 3797 266 3861 neque
285 3774 395 3840 verbis
410 3769 502 3858 όμμα
518 3774 690 3864 συγκλῄειν
712 3785 808 3860 atque
824 3772 980 3859 δακρύοις
997 3770 1161 3863 ύγραίνειν
1175 3776 1328 3864 παρηίδα

158 3899 224 3942 una
244 3877 420 3963 eademque
444 3879 626 3943 continetur
648 3879 743 3942 actio.
777 3878 861 3943 Nam
883 3877 943 3942 Ion
965 3879 1059 3943 modo
1081 3878 1210 3943 flentem
1227 3878 1328 3945 Oreu-

158 4002 226 4044 sam
248 3979 329 4045 vidit
351 3978 445 4065 modo
467 3978 576 4043 oculos
605 3979 824 4065 claudentem,
851 4003 996 4046 maerore
1019 3980 1157 4064 scilicet,
1187 3981 1326 4046 redinte-

156 4091 260 4165 grato,
281 4103 354 4145 cum
377 4082 411 4144 in
433 4090 565 4166 aspectu
587 4091 671 4146 esset
692 4080 802 4167 templi
826 4084 894 4167 ejus
915 4082 975 4166 dei,
998 4106 1018 4147 a
1034 4104 1097 4168 quo
1119 4092 1185 4147 tam
1209 4085 1326 4149 misere

157 4204 191 4246 se
213 4191 305 4268 putat
326 4181 493 4267 perditam.
532 4181 605 4247 Hoc
628 4182 683 4247 illa
705 4205 851 4248 maerore
874 4183 995 4249 afflicta
1017 4182 1178 4251 exclamat
1201 4172 1226 4249 α’,
1249 4180 1326 4272 τλή-

157 4307 252 4365 μονες
274 4286 441 4368 γυναῖκες·
467 4270 700 4374 ὦτολμήματα
715 4272 803 4350 θεῶν
827 4286 873 4367 (in
896 4308 927 4349 v.
943 4287 1030 4370 252).
1074 4287 1112 4350 In
1135 4286 1232 4351 simili
1250 4309 1325 4353 con-
