2978 4950
159 260 202 322 24

159 425 273 512 Itaque
303 421 489 516 θνῄσκομεν
510 428 530 492 i.
553 447 578 490 e.
601 426 711 509 μέλλω
736 431 853 493 θανεῖν
882 451 953 493 oum
986 429 1073 495 nullo
1101 429 1195 494 modo
1224 432 1347 515 possit

160 527 276 610 dicere,
292 528 512 613 reponendum
528 528 658 594 videtur
673 527 917 618 φαρμάκοις
932 527 1214 620 ἑθνῄσκομεν,
1236 532 1323 617 quod

157 631 228 714 jam
251 631 458 714 Hartungum
482 632 656 718 conjecisse
677 654 748 696 sero
769 635 916 715 cognovi.

246 732 436 818 Postquam,
467 743 504 806 ut
534 733 774 819 supradictum
796 744 859 816 est,
887 735 945 799 lon
971 733 1082 798 audita
1111 733 1187 798 mali
1209 736 1322 798 ominis

161 854 239 896 voce
257 835 369 898 vinum
392 833 433 897 ad
455 833 620 900 libandum
643 846 790 919 paratum
813 837 934 920 etipse
956 836 989 899 in
1011 845 1130 900 terram
1159 835 1323 900 effudisset

163 947 194 998 et
224 945 345 1001 ceteros
373 938 521 1019 jussisset
555 935 736 1013 effundere,
773 934 935 1002 silentium
964 960 1033 1002 esso
1061 937 1182 1002 factum
1211 959 1323 1002 servus

161 1047 273 1102 narrat
295 1047 490 1123 cunctosque
513 1040 629 1103 tacitos
650 1037 820 1102 fecisseid
842 1039 929 1124 quod
943 1041 1028 1125 jussi
1051 1049 1142 1103 erant
1161 1037 1255 1102 facile
1275 1052 1323 1102 est

159 1136 330 1205 intellectu.
376 1139 464 1204 Dum
487 1151 603 1223 autem,
625 1139 740 1224 inquit,
763 1138 901 1203 ministri
924 1140 1028 1205 denuo
1058 1140 1159 1205 mixto
1188 1141 1228 1204 in
1254 1163 1322 1204 cra·

161 1248 232 1302 tera
253 1241 330 1304 vino
351 1239 474 1326 poculis
494 1239 573 1305 illud
595 1240 777 1325 infundunt,
797 1263 915 1327 agmen
938 1241 1157 1306 columbarum
1176 1240 1322 1307 advolat:

624 1369 667 1456 ὡς
689 1373 718 1442 d’
744 1371 956 1442 ἀπέσπεισαν
977 1375 1075 1458 μέθυ,

370 1475 418 1556 εῖς
440 1472 518 1544 αὐτὸ
540 1476 633 1562 χείλη
653 1474 813 1561 πώματος
834 1476 1026 1564 κεχρημέναι

368 1581 541 1645 καθεῖσαν.
1196 1582 1279 1645 1200

244 1716 400 1802 Apparet,
423 1737 495 1779 cum
517 1725 613 1781 antea
629 1739 742 1781 servus
763 1715 945 1780 narraverit
965 1715 1076 1777 vinnm
1094 1736 1162 1778 esse
1185 1715 1323 1780 effusum

162 1836 267 1901 neque
289 1816 355 1882 ullo
378 1818 472 1883 modo
498 1820 567 1904 jam
598 1821 700 1883 oratio
728 1819 769 1882 ad
792 1817 879 1881 illam
907 1838 974 1880 rem
996 1815 1191 1879 narrandam
1221 1820 1322 1903 possit

159 1916 281 2001 redire,
310 1919 434 1983 nullum
455 1921 508 1985 hic
531 1943 600 1985 esse
630 1919 732 1984 locum
762 1916 825 2010 illis
847 1918 956 1983 verbis
986 1909 1029 1995 ὡς
1055 1909 1086 1981 d'
1113 1909 1322 1984 ἀπέσπεισαν

162 2016 262 2099 μέθυ,
284 2043 389 2108 neque
411 2022 508 2087 video
530 2044 593 2109 quo
615 2021 710 2086 modo
734 2042 831 2086 causa
852 2028 1008 2097 mutetur,
1037 2020 1064 2082 si
1087 2018 1228 2084 Nauckii
1250 2042 1323 2085 con·

155 2123 314 2204 jecturam
342 2115 559 2208 ἇπεσπεῖσθη
589 2123 789 2210 probaveris.
840 2120 923 2186 Sunt
958 2131 1064 2186 autem
1102 2123 1157 2205 qui
1190 2121 1323 2187 Reiskio

159 2227 384 2311 assentiantur,
407 2238 479 2313 post
501 2226 591 2291 illum
614 2248 743 2291 versum
765 2233 835 2289 rato
858 2223 1017 2287 excidisse
1039 2221 1151 2306 alium,
1178 2245 1241 2309 quo
1264 2227 1322 2287 sci·

161 2323 236 2390 licet
265 2349 377 2393 servus
406 2338 568 2404 narraret,
602 2328 644 2393 ad
674 2328 844 2413 pristinam
874 2346 1033 2410 quemque
1061 2325 1168 2388 sedem
1200 2324 1323 2390 redisse

158 2448 362 2515 vacuumque
384 2429 550 2514 reliquisse
580 2431 734 2516 spatium,
764 2429 798 2492 in
827 2448 891 2513 quo
914 2424 1080 2490 columbae
1109 2427 1322 2495 considerent.

159 2528 204 2593 At
225 2552 330 2615 neque
360 2530 421 2595 hoc
450 2530 579 2595 videtur
607 2533 682 2596 satis
708 2531 778 2595 veri
807 2526 909 2592 simile
940 2549 1046 2613 neque
1072 2529 1140 2614 ipse
1168 2550 1281 2593 versus
1304 2552 1324 2592 a

160 2630 294 2698 Reiskio
317 2634 492 2697 confectus.
536 2632 651 2722 ltaque
673 2631 769 2696 aliam
790 2632 877 2694 viam
905 2629 1014 2694 licebit
1035 2639 1201 2716 temptare.
1239 2629 1324 2694 Nam

157 2734 284 2798 initium
307 2757 435 2823 quoque
455 2757 486 2799 v.
511 2735 604 2815 1199,
626 2756 697 2797 oum
721 2735 752 2796 in
776 2733 877 2797 altero
900 2733 1010 2797 codice
1033 2730 1065 2811 ἐς
1087 2726 1166 2798 uini
1187 2734 1222 2797 in
1240 2753 1324 2796 mar-

161 2836 236 2919 gine
260 2838 301 2901 sit
326 2837 542 2922 adscriptum,
570 2837 604 2898 in
633 2834 732 2899 altero
764 2845 870 2898 autem
902 2836 1055 2920 scriptum
1086 2832 1234 2899 videatur
1257 2829 1325 2912 κείς

160 2930 251 3020 αὕτα,
275 2949 409 3026 apparet
430 2960 494 3001 non
516 2938 562 3002 ita
584 2958 653 3002 esse
675 2935 839 3019 traditum,
862 2948 897 2999 ut
920 2934 1008 2999 nulla
1031 2947 1211 3021 superesset
1233 2935 1323 3000 dubi-

160 3039 251 3103 tandi
275 3063 381 3108 causa.
434 3041 543 3121 Quare
573 3041 601 3103 si
630 3062 694 3103 non
724 3041 795 3125 ipsa
823 3048 936 3124 poetae
966 3036 1084 3115 verba,
1108 3048 1141 3102 at
1164 3060 1217 3120 ea,
1241 3057 1324 3111 quae

159 3140 244 3206 illius
266 3165 336 3207 esse
356 3146 489 3230 possint,
513 3143 637 3207 restitui
658 3141 841 3226 putaverim
864 3139 1050 3204 scribendo:

575 3263 620 3344 οὗ
644 3269 675 3343 δ’
703 3269 1031 3356 οῖπέσπεισανμέθσ,

391 3377 576 3445 ἐνταῦθα
597 3377 690 3464 χείλη
713 3372 869 3460 πώματος
891 3374 1084 3461 κεχρημέναι

392 3485 565 3561 καθεῖσαν,

163 3611 279 3698 quibus
308 3615 416 3680 verbis
445 3626 660 3681 consentanea
689 3626 763 3680 sunt
792 3635 875 3702 qnae
904 3624 1078 3678 narrantur
1107 3612 1147 3676 de
1177 3635 1242 3677 una
1269 3610 1325 3675 illa

162 3713 310 3780 columba
335 3719 379 3799 (v.
404 3719 510 3800 1202),
534 3707 555 3804 ἣ
578 3711 609 3782 d'
636 3709 717 3799 ἕζετ’
744 3711 817 3782 ἔνθ’
844 3709 990 3793 ὃκαινός
1010 3711 1162 3780 ἔσπεισεν
1180 3708 1280 3798 μόνος.

247 3815 370 3881 Eadem
392 3840 464 3883 cum
486 3819 597 3884 vinum
629 3841 753 3884 veneno
784 3829 970 3903 corruptum
1000 3816 1174 3897 hausisset,
1204 3824 1323 3900 postre-

162 3940 245 3981 mam
268 3941 381 3984 vocem
403 3922 521 3987 dicitur
545 3924 701 3986 emisisse:

661 4054 697 4121 ἐκ
721 4051 752 4120 δ’
779 4044 910 4137 ἔκλαγξ’
937 4045 1007 4118 ὅπα

457 4147 606 4237 ἀξύνετον
629 4155 799 4238 αἱαζοοσα.
1099 4220 1100 4223 ,
1139 4156 1220 4218 1205

248 4297 319 4361 Ηοο
347 4303 433 4360 recte
465 4290 542 4356 mihi
571 4295 612 4359 H.
642 4315 706 4357 van
736 4291 936 4357 Herwerden
969 4291 1097 4355 videtur
1126 4287 1324 4375 improbare3
