<?xml version="1.0" encoding="UTF-8"?>
<!DOCTYPE html PUBLIC "-//W3C//DTD XHTML 1.0 Transitional//EN"
    "http://www.w3.org/TR/xhtml1/DTD/xhtml1-transitional.dtd">
<html xmlns="http://www.w3.org/1999/xhtml" xml:lang="en" lang="en">
 <head>
  <title>
</title>
<meta http-equiv="Content-Type" content="text/html;charset=utf-8" />
  <meta name='ocr-system' content='tesseract 3.04.00' />
  <meta name='ocr-capabilities' content='ocr_page ocr_carea ocr_par ocr_line ocrx_word'/>
</head>
<body>
  <div class='ocr_page' id='page_1' title='image "./euripideadejone00schmgoog_0028.png"; bbox 0 0 2978 4950; ppageno 0'>
   <div class='ocr_carea' id='block_1_1' title="bbox 1282 331 1323 395">
    <p class='ocr_par' dir='ltr' id='par_1_1' title="bbox 1282 331 1323 395">
     <span class='ocr_line' id='line_1_1' title="bbox 1282 331 1323 395; baseline -0.024 0"><span class='ocrx_word' id='word_1_1' title='bbox 1282 331 1323 395; x_wconf 88' lang='grc'>19</span> 
     </span>
    </p>
   </div>
   <div class='ocr_carea' id='block_1_2' title="bbox 155 493 1366 1277">
    <p class='ocr_par' dir='ltr' id='par_1_2' title="bbox 155 493 1366 1277">
     <span class='ocr_line' id='line_1_2' title="bbox 155 493 1322 585; baseline -0.002 -17"><span class='ocrx_word' id='word_1_2' title='bbox 155 493 249 568; x_wconf 75' lang='grc' dir='ltr'><em>αὐδῶ</em></span> <span class='ocrx_word' id='word_1_3' title='bbox 275 502 347 566; x_wconf 88' lang='lat' dir='ltr'>veri</span> <span class='ocrx_word' id='word_1_4' title='bbox 370 511 418 566; x_wconf 90' lang='lat' dir='ltr'>est</span> <span class='ocrx_word' id='word_1_5' title='bbox 439 524 534 585; x_wconf 89' lang='lat' dir='ltr'>quam</span> <span class='ocrx_word' id='word_1_6' title='bbox 554 503 692 566; x_wconf 83' lang='lat' dir='ltr'><strong>maxime</strong></span> <span class='ocrx_word' id='word_1_7' title='bbox 713 500 825 566; x_wconf 91' lang='lat' dir='ltr'>simile.</span> <span class='ocrx_word' id='word_1_8' title='bbox 870 501 950 566; x_wconf 82' lang='lat' dir='ltr'>Tres</span> <span class='ocrx_word' id='word_1_9' title='bbox 972 508 1079 564; x_wconf 90' lang='lat' dir='ltr'>autem</span> <span class='ocrx_word' id='word_1_10' title='bbox 1097 521 1179 585; x_wconf 92' lang='lat' dir='ltr'>quae</span> <span class='ocrx_word' id='word_1_11' title='bbox 1196 500 1322 566; x_wconf 84' lang='lat' dir='ltr'>mediae</span> 
     </span>
     <span class='ocr_line' id='line_1_3' title="bbox 157 602 1366 689; baseline -0.001 -20"><span class='ocrx_word' id='word_1_12' title='bbox 157 611 234 669; x_wconf 90' lang='lat' dir='ltr'>sunt</span> <span class='ocrx_word' id='word_1_13' title='bbox 262 602 387 688; x_wconf 89' lang='lat' dir='ltr'>periodi</span> <span class='ocrx_word' id='word_1_14' title='bbox 416 602 462 667; x_wconf 91' lang='lat' dir='ltr'>ita</span> <span class='ocrx_word' id='word_1_15' title='bbox 490 611 564 667; x_wconf 90' lang='lat' dir='ltr'>sunt</span> <span class='ocrx_word' id='word_1_16' title='bbox 597 604 805 689; x_wconf 86' lang='lat' dir='ltr'>compositae,</span> <span class='ocrx_word' id='word_1_17' title='bbox 838 611 874 666; x_wconf 90' lang='lat' dir='ltr'>ut</span> <span class='ocrx_word' id='word_1_18' title='bbox 902 603 1007 688; x_wconf 87' lang='lat' dir='ltr'>prima</span> <span class='ocrx_word' id='word_1_19' title='bbox 1037 611 1133 688; x_wconf 90' lang='lat' dir='ltr'>atque</span> <span class='ocrx_word' id='word_1_20' title='bbox 1163 613 1324 689; x_wconf 85' lang='lat' dir='ltr'>postrema</span> <span class='ocrx_word' id='word_1_21' title='bbox 1363 672 1366 677; x_wconf 64' lang='grc'><strong>,</strong></span> 
     </span>
     <span class='ocr_line' id='line_1_4' title="bbox 158 702 1324 789; baseline 0.001 -20"><span class='ocrx_word' id='word_1_22' title='bbox 158 704 327 769; x_wconf 83' lang='lat' dir='ltr'>claudatur</span> <span class='ocrx_word' id='word_1_23' title='bbox 347 706 560 789; x_wconf 86' lang='lat' dir='ltr'>paroemiaco,</span> <span class='ocrx_word' id='word_1_24' title='bbox 591 704 698 768; x_wconf 89' lang='lat' dir='ltr'>media</span> <span class='ocrx_word' id='word_1_25' title='bbox 728 704 863 768; x_wconf 86' lang='lat' dir='ltr'>dimetro</span> <span class='ocrx_word' id='word_1_26' title='bbox 888 702 1105 769; x_wconf 80' lang='lat' dir='ltr'>acatalectico.</span> <span class='ocrx_word' id='word_1_27' title='bbox 1148 705 1324 770; x_wconf 87' lang='lat' dir='ltr'>Praeterea</span> 
     </span>
     <span class='ocr_line' id='line_1_5' title="bbox 157 804 1325 892; baseline 0.002 -22"><span class='ocrx_word' id='word_1_28' title='bbox 157 805 221 871; x_wconf 91' lang='lat' dir='ltr'>hoc</span> <span class='ocrx_word' id='word_1_29' title='bbox 249 809 334 871; x_wconf 89' lang='lat' dir='ltr'>iuter</span> <span class='ocrx_word' id='word_1_30' title='bbox 363 818 427 870; x_wconf 88' lang='lat' dir='ltr'>tres</span> <span class='ocrx_word' id='word_1_31' title='bbox 455 804 526 869; x_wconf 91' lang='lat' dir='ltr'>illas</span> <span class='ocrx_word' id='word_1_32' title='bbox 554 806 705 891; x_wconf 81' lang='lat' dir='ltr'>periodos</span> <span class='ocrx_word' id='word_1_33' title='bbox 734 815 782 871; x_wconf 87' lang='lat' dir='ltr'>est</span> <span class='ocrx_word' id='word_1_34' title='bbox 811 826 988 886; x_wconf 88' lang='lat' dir='ltr'>commune,</span> <span class='ocrx_word' id='word_1_35' title='bbox 1016 805 1107 869; x_wconf 91' lang='lat' dir='ltr'>utin</span> <span class='ocrx_word' id='word_1_36' title='bbox 1129 828 1325 892; x_wconf 88' lang='lat' dir='ltr'>unaquaque</span> 
     </span>
     <span class='ocr_line' id='line_1_6' title="bbox 158 908 1324 994; baseline 0 -22"><span class='ocrx_word' id='word_1_37' title='bbox 158 910 201 972; x_wconf 90' lang='lat' dir='ltr'>sit</span> <span class='ocrx_word' id='word_1_38' title='bbox 223 908 310 972; x_wconf 90' lang='lat' dir='ltr'>basis</span> <span class='ocrx_word' id='word_1_39' title='bbox 338 908 545 992; x_wconf 87' lang='lat' dir='ltr'>interposita,</span> <span class='ocrx_word' id='word_1_40' title='bbox 571 909 606 970; x_wconf 93' lang='lat' dir='ltr'>in</span> <span class='ocrx_word' id='word_1_41' title='bbox 633 909 737 994; x_wconf 88' lang='lat' dir='ltr'>prima</span> <span class='ocrx_word' id='word_1_42' title='bbox 761 920 859 994; x_wconf 88' lang='lat' dir='ltr'>atquc</span> <span class='ocrx_word' id='word_1_43' title='bbox 881 917 1026 970; x_wconf 86' lang='lat' dir='ltr'>extrema</span> <span class='ocrx_word' id='word_1_44' title='bbox 1045 916 1120 969; x_wconf 87' lang='lat' dir='ltr'>ante</span> <span class='ocrx_word' id='word_1_45' title='bbox 1142 908 1247 992; x_wconf 89' lang='lat' dir='ltr'>ipsum</span> <span class='ocrx_word' id='word_1_46' title='bbox 1269 929 1324 991; x_wconf 92' lang='lat' dir='ltr'>pa·</span> 
     </span>
     <span class='ocr_line' id='line_1_7' title="bbox 158 1006 1325 1092; baseline -0.002 -18"><span class='ocrx_word' id='word_1_47' title='bbox 158 1009 364 1090; x_wconf 85' lang='lat' dir='ltr'>roemiacum‚</span> <span class='ocrx_word' id='word_1_48' title='bbox 386 1009 419 1072; x_wconf 92' lang='lat' dir='ltr'>in</span> <span class='ocrx_word' id='word_1_49' title='bbox 441 1007 549 1072; x_wconf 88' lang='lat' dir='ltr'>media</span> <span class='ocrx_word' id='word_1_50' title='bbox 570 1018 678 1072; x_wconf 89' lang='lat' dir='ltr'>autem</span> <span class='ocrx_word' id='word_1_51' title='bbox 700 1023 773 1071; x_wconf 92' lang='lat' dir='ltr'>ante</span> <span class='ocrx_word' id='word_1_52' title='bbox 796 1030 869 1071; x_wconf 90' lang='lat' dir='ltr'>eum</span> <span class='ocrx_word' id='word_1_53' title='bbox 888 1030 1029 1090; x_wconf 85' lang='lat' dir='ltr'>versum,</span> <span class='ocrx_word' id='word_1_54' title='bbox 1052 1009 1107 1092; x_wconf 90' lang='lat' dir='ltr'>qui</span> <span class='ocrx_word' id='word_1_55' title='bbox 1127 1006 1216 1072; x_wconf 90' lang='lat' dir='ltr'>illum</span> <span class='ocrx_word' id='word_1_56' title='bbox 1237 1019 1325 1072; x_wconf 88' lang='lat' dir='ltr'>ante-</span> 
     </span>
     <span class='ocr_line' id='line_1_8' title="bbox 160 1107 1325 1195; baseline 0.001 -20"><span class='ocrx_word' id='word_1_57' title='bbox 160 1111 254 1175; x_wconf 87' lang='lat' dir='ltr'>cedit.</span> <span class='ocrx_word' id='word_1_58' title='bbox 298 1108 448 1194; x_wconf 89' lang='lat' dir='ltr'>Denique</span> <span class='ocrx_word' id='word_1_59' title='bbox 477 1131 518 1172; x_wconf 88' lang='lat' dir='ltr'>ne</span> <span class='ocrx_word' id='word_1_60' title='bbox 548 1130 682 1172; x_wconf 89' lang='lat' dir='ltr'>numero</span> <span class='ocrx_word' id='word_1_61' title='bbox 710 1108 841 1195; x_wconf 85' lang='lat' dir='ltr'>quidem</span> <span class='ocrx_word' id='word_1_62' title='bbox 869 1109 1017 1174; x_wconf 86' lang='lat' dir='ltr'>ordinum</span> <span class='ocrx_word' id='word_1_63' title='bbox 1047 1107 1108 1173; x_wconf 89' lang='lat' dir='ltr'>hae</span> <span class='ocrx_word' id='word_1_64' title='bbox 1132 1110 1258 1195; x_wconf 83' lang='lat' dir='ltr'>periodi</span> <span class='ocrx_word' id='word_1_65' title='bbox 1279 1110 1325 1176; x_wconf 90' lang='lat' dir='ltr'>vi·</span> 
     </span>
     <span class='ocr_line' id='line_1_9' title="bbox 160 1208 861 1277; baseline 0 -1"><span class='ocrx_word' id='word_1_66' title='bbox 160 1212 277 1277; x_wconf 87' lang='lat' dir='ltr'>dentur</span> <span class='ocrx_word' id='word_1_67' title='bbox 297 1213 380 1276; x_wconf 90' lang='lat' dir='ltr'>inter</span> <span class='ocrx_word' id='word_1_68' title='bbox 402 1232 436 1275; x_wconf 88' lang='lat' dir='ltr'>se</span> <span class='ocrx_word' id='word_1_69' title='bbox 459 1208 599 1277; x_wconf 87' lang='lat' dir='ltr'>differre.</span> <span class='ocrx_word' id='word_1_70' title='bbox 644 1211 728 1275; x_wconf 91' lang='lat' dir='ltr'>Nam</span> <span class='ocrx_word' id='word_1_71' title='bbox 747 1233 778 1276; x_wconf 88' lang='lat' dir='ltr'>v.</span> <span class='ocrx_word' id='word_1_72' title='bbox 801 1212 861 1276; x_wconf 85' lang='lat'>871</span> 
     </span>
    </p>
   </div>
   <div class='ocr_carea' id='block_1_3' title="bbox 412 1336 1074 1428">
    <p class='ocr_par' dir='ltr' id='par_1_3' title="bbox 412 1336 1074 1428">
     <span class='ocr_line' id='line_1_10' title="bbox 412 1336 1074 1428; baseline 0 -19"><span class='ocrx_word' id='word_1_73' title='bbox 412 1345 469 1409; x_wconf 88' lang='grc' dir='ltr'>καί</span> <span class='ocrx_word' id='word_1_74' title='bbox 490 1340 549 1409; x_wconf 82' lang='grc' dir='ltr'>τάν</span> <span class='ocrx_word' id='word_1_75' title='bbox 572 1336 627 1411; x_wconf 75' lang='grc' dir='ltr'>ἐπ’</span> <span class='ocrx_word' id='word_1_76' title='bbox 654 1342 748 1428; x_wconf 79' lang='grc' dir='ltr'><em>ἐμοῖς</em></span> <span class='ocrx_word' id='word_1_77' title='bbox 768 1344 966 1412; x_wconf 77' lang='grc' dir='ltr'><em>σκοπέλοισι</em></span> <span class='ocrx_word' id='word_1_78' title='bbox 988 1341 1074 1411; x_wconf 75' lang='grc' dir='ltr'><em>θεάν</em></span> 
     </span>
    </p>
   </div>
   <div class='ocr_carea' id='block_1_4' title="bbox 133 1482 1331 2483">
    <p class='ocr_par' dir='ltr' id='par_1_4' title="bbox 160 1482 1330 1976">
     <span class='ocr_line' id='line_1_11' title="bbox 160 1482 1327 1569; baseline 0 -23"><span class='ocrx_word' id='word_1_79' title='bbox 160 1482 232 1546; x_wconf 90' lang='lat' dir='ltr'>fieri</span> <span class='ocrx_word' id='word_1_80' title='bbox 253 1503 319 1545; x_wconf 91' lang='lat' dir='ltr'>non</span> <span class='ocrx_word' id='word_1_81' title='bbox 350 1492 456 1566; x_wconf 88' lang='lat' dir='ltr'>potest</span> <span class='ocrx_word' id='word_1_82' title='bbox 478 1483 554 1567; x_wconf 93' lang='lat' dir='ltr'>quin</span> <span class='ocrx_word' id='word_1_83' title='bbox 578 1493 744 1568; x_wconf 88' lang='lat' dir='ltr'>suspectus</span> <span class='ocrx_word' id='word_1_84' title='bbox 767 1482 922 1558; x_wconf 85' lang='lat' dir='ltr'>videatur,</span> <span class='ocrx_word' id='word_1_85' title='bbox 946 1504 1019 1546; x_wconf 89' lang='lat' dir='ltr'>cum</span> <span class='ocrx_word' id='word_1_86' title='bbox 1042 1505 1083 1546; x_wconf 90' lang='lat' dir='ltr'>nc</span> <span class='ocrx_word' id='word_1_87' title='bbox 1105 1483 1237 1546; x_wconf 90' lang='lat' dir='ltr'>minima</span> <span class='ocrx_word' id='word_1_88' title='bbox 1256 1485 1327 1569; x_wconf 90' lang='lat' dir='ltr'>qui·</span> 
     </span>
     <span class='ocr_line' id='line_1_12' title="bbox 160 1582 1327 1670; baseline 0.002 -22"><span class='ocrx_word' id='word_1_89' title='bbox 160 1584 234 1649; x_wconf 92' lang='lat' dir='ltr'>dem</span> <span class='ocrx_word' id='word_1_90' title='bbox 264 1585 306 1648; x_wconf 89' lang='lat' dir='ltr'>sit</span> <span class='ocrx_word' id='word_1_91' title='bbox 332 1584 402 1648; x_wconf 88' lang='lat' dir='ltr'>veri</span> <span class='ocrx_word' id='word_1_92' title='bbox 432 1583 615 1665; x_wconf 84' lang='lat' dir='ltr'>similitudo,</span> <span class='ocrx_word' id='word_1_93' title='bbox 644 1582 799 1647; x_wconf 79' lang='lat' dir='ltr'>Creusam</span> <span class='ocrx_word' id='word_1_94' title='bbox 829 1584 951 1648; x_wconf 90' lang='lat' dir='ltr'>medias</span> <span class='ocrx_word' id='word_1_95' title='bbox 972 1586 1057 1648; x_wconf 88' lang='lat' dir='ltr'>inter</span> <span class='ocrx_word' id='word_1_96' title='bbox 1080 1607 1142 1667; x_wconf 90' lang='lat' dir='ltr'>res,</span> <span class='ocrx_word' id='word_1_97' title='bbox 1166 1607 1225 1670; x_wconf 90' lang='lat' dir='ltr'>per</span> <span class='ocrx_word' id='word_1_98' title='bbox 1247 1606 1327 1670; x_wconf 86' lang='lat' dir='ltr'>quas</span> 
     </span>
     <span class='ocr_line' id='line_1_13' title="bbox 160 1674 1328 1773; baseline 0.001 -23"><span class='ocrx_word' id='word_1_99' title='bbox 160 1687 256 1773; x_wconf 88' lang='lat' dir='ltr'>juret,</span> <span class='ocrx_word' id='word_1_100' title='bbox 278 1684 403 1751; x_wconf 89' lang='lat' dir='ltr'>coelum</span> <span class='ocrx_word' id='word_1_101' title='bbox 426 1693 458 1748; x_wconf 88' lang='lat' dir='ltr'>et</span> <span class='ocrx_word' id='word_1_102' title='bbox 480 1674 595 1766; x_wconf 86' lang='lat' dir='ltr'>lacum,</span> <span class='ocrx_word' id='word_1_103' title='bbox 617 1686 770 1750; x_wconf 88' lang='lat' dir='ltr'>iuvocare</span> <span class='ocrx_word' id='word_1_104' title='bbox 793 1685 886 1749; x_wconf 90' lang='lat' dir='ltr'>deam</span> <span class='ocrx_word' id='word_1_105' title='bbox 901 1686 1091 1769; x_wconf 85' lang='lat' dir='ltr'>Minervam,</span> <span class='ocrx_word' id='word_1_106' title='bbox 1113 1685 1211 1772; x_wconf 90' lang='lat' dir='ltr'>idque</span> <span class='ocrx_word' id='word_1_107' title='bbox 1226 1708 1328 1772; x_wconf 85' lang='lat' dir='ltr'>paene</span> 
     </span>
     <span class='ocr_line' id='line_1_14' title="bbox 160 1776 1330 1873; baseline 0 -21"><span class='ocrx_word' id='word_1_108' title='bbox 160 1788 276 1852; x_wconf 90' lang='lat' dir='ltr'>iisdem</span> <span class='ocrx_word' id='word_1_109' title='bbox 299 1788 422 1868; x_wconf 87' lang='lat' dir='ltr'>verbis,</span> <span class='ocrx_word' id='word_1_110' title='bbox 454 1809 536 1873; x_wconf 87' lang='lat' dir='ltr'>quae</span> <span class='ocrx_word' id='word_1_111' title='bbox 564 1795 676 1872; x_wconf 89' lang='lat' dir='ltr'>postea</span> <span class='ocrx_word' id='word_1_112' title='bbox 705 1785 855 1871; x_wconf 83' lang='lat' dir='ltr'>leguntur</span> <span class='ocrx_word' id='word_1_113' title='bbox 883 1788 917 1850; x_wconf 94' lang='lat' dir='ltr'>in</span> <span class='ocrx_word' id='word_1_114' title='bbox 939 1811 970 1853; x_wconf 85' lang='lat' dir='ltr'>v.</span> <span class='ocrx_word' id='word_1_115' title='bbox 993 1788 1076 1853; x_wconf 84' lang='lat'>1479</span> <span class='ocrx_word' id='word_1_116' title='bbox 1107 1776 1129 1851; x_wconf 78' lang='lat' dir='ltr'>d</span> <span class='ocrx_word' id='word_1_117' title='bbox 1150 1788 1330 1866; x_wconf 85' lang='grc' dir='ltr'><em>σκοπέλοις</em></span> 
     </span>
     <span class='ocr_line' id='line_1_15' title="bbox 162 1881 882 1976; baseline 0.003 -22"><span class='ocrx_word' id='word_1_118' title='bbox 162 1881 220 1954; x_wconf 76' lang='grc' dir='ltr'>ἐπ’</span> <span class='ocrx_word' id='word_1_119' title='bbox 247 1887 340 1970; x_wconf 80' lang='grc' dir='ltr'><em>ε’μοῖς</em></span> <span class='ocrx_word' id='word_1_120' title='bbox 360 1883 417 1954; x_wconf 87' lang='grc' dir='ltr'>τὸν</span> <span class='ocrx_word' id='word_1_121' title='bbox 439 1885 602 1976; x_wconf 78' lang='grc' dir='ltr'><em>ἒλαιοφοᾶ</em></span> <span class='ocrx_word' id='word_1_122' title='bbox 623 1882 730 1972; x_wconf 80' lang='grc' dir='ltr'><em>πάγον</em></span> <span class='ocrx_word' id='word_1_123' title='bbox 748 1883 882 1957; x_wconf 72' lang='grc' dir='ltr'><em>θάσσει.</em></span> 
     </span>
    </p>

    <p class='ocr_par' dir='ltr' id='par_1_5' title="bbox 162 1989 1330 2280">
     <span class='ocr_line' id='line_1_16' title="bbox 248 1989 1329 2077; baseline 0.001 -24"><span class='ocrx_word' id='word_1_124' title='bbox 248 1991 363 2075; x_wconf 87' lang='lat' dir='ltr'>Itaque</span> <span class='ocrx_word' id='word_1_125' title='bbox 391 1991 574 2057; x_wconf 90' lang='lat' dir='ltr'>monodiam</span> <span class='ocrx_word' id='word_1_126' title='bbox 597 2011 724 2076; x_wconf 87' lang='lat' dir='ltr'>quoque</span> <span class='ocrx_word' id='word_1_127' title='bbox 752 1989 914 2076; x_wconf 87' lang='lat' dir='ltr'>strophice</span> <span class='ocrx_word' id='word_1_128' title='bbox 936 2012 1006 2054; x_wconf 89' lang='lat' dir='ltr'>esse</span> <span class='ocrx_word' id='word_1_129' title='bbox 1028 1992 1237 2077; x_wconf 81' lang='lat' dir='ltr'>compositam</span> <span class='ocrx_word' id='word_1_130' title='bbox 1258 1991 1329 2056; x_wconf 84' lang='lat' dir='ltr'>veri</span> 
     </span>
     <span class='ocr_line' id='line_1_17' title="bbox 162 2090 1330 2178; baseline 0 -22"><span class='ocrx_word' id='word_1_131' title='bbox 162 2091 268 2156; x_wconf 86' lang='lat' dir='ltr'>simile</span> <span class='ocrx_word' id='word_1_132' title='bbox 289 2093 479 2178; x_wconf 87' lang='lat' dir='ltr'>putaverim,</span> <span class='ocrx_word' id='word_1_133' title='bbox 503 2092 597 2158; x_wconf 91' lang='lat' dir='ltr'>modo</span> <span class='ocrx_word' id='word_1_134' title='bbox 617 2114 659 2157; x_wconf 88' lang='lat' dir='ltr'>ne</span> <span class='ocrx_word' id='word_1_135' title='bbox 678 2090 889 2175; x_wconf 84' lang='lat' dir='ltr'>obliviscaris,</span> <span class='ocrx_word' id='word_1_136' title='bbox 911 2094 945 2156; x_wconf 90' lang='lat' dir='ltr'>in</span> <span class='ocrx_word' id='word_1_137' title='bbox 967 2090 1018 2156; x_wconf 93' lang='lat' dir='ltr'>his</span> <span class='ocrx_word' id='word_1_138' title='bbox 1038 2092 1243 2159; x_wconf 83' lang='lat' dir='ltr'>liberioribus</span> <span class='ocrx_word' id='word_1_139' title='bbox 1266 2116 1330 2156; x_wconf 91' lang='lat' dir='ltr'>me-</span> 
     </span>
     <span class='ocr_line' id='line_1_18' title="bbox 162 2191 942 2280; baseline 0.001 -22"><span class='ocrx_word' id='word_1_140' title='bbox 162 2196 222 2258; x_wconf 89' lang='lat' dir='ltr'>tris</span> <span class='ocrx_word' id='word_1_141' title='bbox 245 2196 485 2280; x_wconf 85' lang='lat' dir='ltr'>responsionem</span> <span class='ocrx_word' id='word_1_142' title='bbox 507 2215 634 2280; x_wconf 89' lang='lat' dir='ltr'>quoque</span> <span class='ocrx_word' id='word_1_143' title='bbox 657 2215 726 2257; x_wconf 89' lang='lat' dir='ltr'>esse</span> <span class='ocrx_word' id='word_1_144' title='bbox 748 2191 942 2260; x_wconf 88' lang='lat' dir='ltr'>liberiorem.</span> 
     </span>
    </p>

    <p class='ocr_par' dir='ltr' id='par_1_6' title="bbox 133 2293 1331 2483">
     <span class='ocr_line' id='line_1_19' title="bbox 247 2293 1331 2381; baseline -0.001 -22"><span class='ocrx_word' id='word_1_145' title='bbox 247 2296 329 2360; x_wconf 86' lang='lat' dir='ltr'>Inde</span> <span class='ocrx_word' id='word_1_146' title='bbox 359 2319 378 2359; x_wconf 94' lang='lat' dir='ltr'>a</span> <span class='ocrx_word' id='word_1_147' title='bbox 406 2296 517 2380; x_wconf 91' lang='lat' dir='ltr'>quinto</span> <span class='ocrx_word' id='word_1_148' title='bbox 546 2305 653 2359; x_wconf 87' lang='lat' dir='ltr'>autem</span> <span class='ocrx_word' id='word_1_149' title='bbox 674 2316 771 2360; x_wconf 90' lang='lat' dir='ltr'>versu</span> <span class='ocrx_word' id='word_1_150' title='bbox 800 2295 964 2381; x_wconf 86' lang='lat' dir='ltr'>strophae,</span> <span class='ocrx_word' id='word_1_151' title='bbox 995 2307 1086 2361; x_wconf 84' lang='lat' dir='ltr'>sexto</span> <span class='ocrx_word' id='word_1_152' title='bbox 1109 2293 1331 2380; x_wconf 87' lang='lat' dir='ltr'>antistrophae</span> 
     </span>
     <span class='ocr_line' id='line_1_20' title="bbox 133 2396 481 2483; baseline -0.011 -19"><span class='ocrx_word' id='word_1_153' title='bbox 133 2416 138 2421; x_wconf 77' lang='grc'><strong>’</strong></span> <span class='ocrx_word' id='word_1_154' title='bbox 162 2397 263 2483; x_wconf 85' lang='lat' dir='ltr'>vulgo</span> <span class='ocrx_word' id='word_1_155' title='bbox 286 2399 332 2462; x_wconf 91' lang='lat' dir='ltr'>sic</span> <span class='ocrx_word' id='word_1_156' title='bbox 354 2396 481 2482; x_wconf 89' lang='lat' dir='ltr'>legunt:</span> 
     </span>
    </p>
   </div>
   <div class='ocr_carea' id='block_1_5' title="bbox 453 2510 1008 3109">
    <p class='ocr_par' dir='ltr' id='par_1_7' title="bbox 453 2510 1008 2901">
     <span class='ocr_line' id='line_1_21' title="bbox 453 2510 968 2604; baseline -0.004 -24"><span class='ocrx_word' id='word_1_157' title='bbox 453 2517 582 2594; x_wconf 78' lang='grc' dir='ltr'><em>λευκοῖς</em></span> <span class='ocrx_word' id='word_1_158' title='bbox 604 2510 636 2580; x_wconf 76' lang='grc' dir='ltr'>δ’</span> <span class='ocrx_word' id='word_1_159' title='bbox 661 2511 765 2604; x_wconf 79' lang='grc' dir='ltr'><em>ἐμφὺς</em></span> <span class='ocrx_word' id='word_1_160' title='bbox 787 2518 968 2601; x_wconf 80' lang='grc' dir='ltr'><em>καρποῖσιν</em></span> 
     </span>
     <span class='ocr_line' id='line_1_22' title="bbox 453 2609 912 2702; baseline -0.002 -20"><span class='ocrx_word' id='word_1_161' title='bbox 453 2620 570 2702; x_wconf 84' lang='grc' dir='ltr'><em>χειρῶν</em></span> <span class='ocrx_word' id='word_1_162' title='bbox 592 2613 640 2695; x_wconf 85' lang='grc' dir='ltr'><em>είς</em></span> <span class='ocrx_word' id='word_1_163' title='bbox 662 2609 777 2701; x_wconf 84' lang='grc' dir='ltr'><em>άντρου</em></span> <span class='ocrx_word' id='word_1_164' title='bbox 798 2616 912 2695; x_wconf 79' lang='grc' dir='ltr'><em>κοίτας</em></span> 
     </span>
     <span class='ocr_line' id='line_1_23' title="bbox 454 2708 1008 2804; baseline -0.002 -21"><span class='ocrx_word' id='word_1_165' title='bbox 454 2714 598 2804; x_wconf 78' lang='grc' dir='ltr'><em>κραυγὰν</em></span> <span class='ocrx_word' id='word_1_166' title='bbox 620 2708 647 2783; x_wconf 81' lang='grc' dir='ltr'><em>ὦ</em></span> <span class='ocrx_word' id='word_1_167' title='bbox 669 2719 769 2804; x_wconf 81' lang='grc' dir='ltr'><em>μᾶτέρ</em></span> <span class='ocrx_word' id='word_1_168' title='bbox 791 2715 828 2801; x_wconf 83' lang='grc' dir='ltr'>μ’</span> <span class='ocrx_word' id='word_1_169' title='bbox 855 2711 1008 2785; x_wconf 75' lang='grc' dir='ltr'><em>αι’νδῶσαν</em></span> 
     </span>
     <span class='ocr_line' id='line_1_24' title="bbox 455 2814 728 2901; baseline 0 -17"><span class='ocrx_word' id='word_1_170' title='bbox 455 2815 535 2898; x_wconf 80' lang='grc' dir='ltr'><em>θεὸς</em></span> <span class='ocrx_word' id='word_1_171' title='bbox 558 2814 728 2901; x_wconf 79' lang='grc' dir='ltr'><em>ὁμευνέτας</em></span> 
     </span>
    </p>

    <p class='ocr_par' dir='ltr' id='par_1_8' title="bbox 456 2909 709 3007">
     <span class='ocr_line' id='line_1_25' title="bbox 456 2909 709 3007; baseline 0 -21"><span class='ocrx_word' id='word_1_172' title='bbox 456 2909 532 3006; x_wconf 88' lang='grc' dir='ltr'><em>άγες</em></span> <span class='ocrx_word' id='word_1_173' title='bbox 555 2916 709 3007; x_wconf 76' lang='grc' dir='ltr'><em>ἀναιδείᾳ</em></span> 
     </span>
    </p>

    <p class='ocr_par' dir='ltr' id='par_1_9' title="bbox 457 3016 915 3109">
     <span class='ocr_line' id='line_1_26' title="bbox 457 3016 915 3109; baseline -0.002 -22"><span class='ocrx_word' id='word_1_174' title='bbox 457 3021 607 3109; x_wconf 85' lang='grc' dir='ltr'><em>Κύπριδι</em></span> <span class='ocrx_word' id='word_1_175' title='bbox 629 3023 726 3109; x_wconf 83' lang='grc' dir='ltr'><em>χάριν</em></span> <span class='ocrx_word' id='word_1_176' title='bbox 748 3016 915 3107; x_wconf 85' lang='grc' dir='ltr'><em>πράσσων.</em></span> 
     </span>
    </p>
   </div>
   <div class='ocr_carea' id='block_1_6' title="bbox 457 3205 1233 3602">
    <p class='ocr_par' dir='ltr' id='par_1_10' title="bbox 457 3205 896 3295">
     <span class='ocr_line' id='line_1_27' title="bbox 457 3205 896 3295; baseline -0.002 -20"><span class='ocrx_word' id='word_1_177' title='bbox 457 3205 550 3294; x_wconf 76' lang='grc' dir='ltr'><em>οἴμοι</em></span> <span class='ocrx_word' id='word_1_178' title='bbox 573 3234 631 3292; x_wconf 92' lang='grc' dir='ltr'>μοι</span> <span class='ocrx_word' id='word_1_179' title='bbox 654 3208 711 3275; x_wconf 87' lang='grc' dir='ltr'>καί</span> <span class='ocrx_word' id='word_1_180' title='bbox 734 3205 896 3295; x_wconf 72' lang='grc' dir='ltr'><em>νῦνιέρρει</em></span> 
     </span>
    </p>

    <p class='ocr_par' dir='ltr' id='par_1_11' title="bbox 458 3305 1039 3396">
     <span class='ocr_line' id='line_1_28' title="bbox 458 3305 1039 3396; baseline 0.002 -21"><span class='ocrx_word' id='word_1_181' title='bbox 458 3316 596 3391; x_wconf 86' lang='grc' dir='ltr'><em>πτανοῖς</em></span> <span class='ocrx_word' id='word_1_182' title='bbox 618 3305 809 3396; x_wconf 70' lang='grc' dir='ltr'><em>ἁρπασθεὶς</em></span> <span class='ocrx_word' id='word_1_183' title='bbox 830 3310 932 3377; x_wconf 76' lang='grc' dir='ltr'><em>θοίνα</em></span> <span class='ocrx_word' id='word_1_184' title='bbox 955 3314 1039 3390; x_wconf 87' lang='grc' dir='ltr'><em>παῖς</em></span> 
     </span>
    </p>

    <p class='ocr_par' dir='ltr' id='par_1_12' title="bbox 458 3410 838 3497">
     <span class='ocr_line' id='line_1_29' title="bbox 458 3410 838 3497; baseline 0 -19"><span class='ocrx_word' id='word_1_185' title='bbox 458 3437 516 3496; x_wconf 90' lang='grc' dir='ltr'>μοι</span> <span class='ocrx_word' id='word_1_186' title='bbox 539 3413 595 3478; x_wconf 89' lang='grc' dir='ltr'>καί</span> <span class='ocrx_word' id='word_1_187' title='bbox 619 3410 676 3493; x_wconf 85' lang='grc' dir='ltr'><em>σὸς</em></span> <span class='ocrx_word' id='word_1_188' title='bbox 696 3410 838 3497; x_wconf 88' lang='grc' dir='ltr'><em>τλάμων·</em></span> 
     </span>
    </p>

    <p class='ocr_par' dir='ltr' id='par_1_13' title="bbox 459 3510 1233 3602">
     <span class='ocr_line' id='line_1_30' title="bbox 459 3510 1233 3602; baseline 0.003 -22"><span class='ocrx_word' id='word_1_189' title='bbox 459 3510 499 3580; x_wconf 77' lang='grc' dir='ltr'>σὺ</span> <span class='ocrx_word' id='word_1_190' title='bbox 523 3514 559 3581; x_wconf 82' lang='grc' dir='ltr'>δὲ</span> <span class='ocrx_word' id='word_1_191' title='bbox 581 3513 710 3602; x_wconf 68' lang='grc' dir='ltr'><em>κιθάρᾳ</em></span> <span class='ocrx_word' id='word_1_192' title='bbox 733 3513 863 3597; x_wconf 86' lang='grc' dir='ltr'><em>κλάζεις</em></span> <span class='ocrx_word' id='word_1_193' title='bbox 1169 3517 1233 3582; x_wconf 84' lang='grc'>995</span> 
     </span>
    </p>
   </div>
   <div class='ocr_carea' id='block_1_7' title="bbox 457 3617 770 3698">
    <p class='ocr_par' dir='ltr' id='par_1_14' title="bbox 457 3617 770 3698">
     <span class='ocr_line' id='line_1_31' title="bbox 457 3617 770 3698; baseline 0.006 -18"><span class='ocrx_word' id='word_1_194' title='bbox 457 3619 604 3693; x_wconf 83' lang='grc' dir='ltr'><em>παιᾶνας</em></span> <span class='ocrx_word' id='word_1_195' title='bbox 625 3617 770 3698; x_wconf 81' lang='grc' dir='ltr'><em>μέλπων.</em></span> 
     </span>
    </p>
   </div>
   <div class='ocr_carea' id='block_1_8' title="bbox 169 3751 1341 4350">
    <p class='ocr_par' dir='ltr' id='par_1_15' title="bbox 169 3751 1338 4144">
     <span class='ocr_line' id='line_1_32' title="bbox 254 3751 1338 3839; baseline 0.006 -24"><span class='ocrx_word' id='word_1_196' title='bbox 254 3751 294 3820; x_wconf 90' lang='lat' dir='ltr'>V.</span> <span class='ocrx_word' id='word_1_197' title='bbox 329 3753 391 3817; x_wconf 87' lang='lat'>894</span> <span class='ocrx_word' id='word_1_198' title='bbox 428 3753 505 3838; x_wconf 93' lang='lat' dir='ltr'>quin</span> <span class='ocrx_word' id='word_1_199' title='bbox 542 3752 708 3818; x_wconf 88' lang='lat' dir='ltr'>dochmius</span> <span class='ocrx_word' id='word_1_200' title='bbox 747 3755 819 3835; x_wconf 78' lang='lat' dir='ltr'>sit‚&#39;</span> <span class='ocrx_word' id='word_1_201' title='bbox 849 3755 907 3816; x_wconf 89' lang='lat' dir='ltr'>vix</span> <span class='ocrx_word' id='word_1_202' title='bbox 945 3761 1052 3839; x_wconf 87' lang='lat' dir='ltr'>potest</span> <span class='ocrx_word' id='word_1_203' title='bbox 1088 3752 1221 3818; x_wconf 90' lang='lat' dir='ltr'>dubium</span> <span class='ocrx_word' id='word_1_204' title='bbox 1258 3777 1338 3824; x_wconf 88' lang='lat' dir='ltr'>esse.</span> 
     </span>
     <span class='ocr_line' id='line_1_33' title="bbox 169 3852 1337 3942; baseline 0.005 -26"><span class='ocrx_word' id='word_1_205' title='bbox 169 3852 348 3917; x_wconf 91' lang='lat' dir='ltr'>Dochmios</span> <span class='ocrx_word' id='word_1_206' title='bbox 378 3855 463 3917; x_wconf 89' lang='lat' dir='ltr'>enim</span> <span class='ocrx_word' id='word_1_207' title='bbox 492 3855 575 3919; x_wconf 89' lang='lat' dir='ltr'>inter</span> <span class='ocrx_word' id='word_1_208' title='bbox 606 3867 796 3940; x_wconf 79' lang='lat' dir='ltr'>anapaestos</span> <span class='ocrx_word' id='word_1_209' title='bbox 827 3854 868 3919; x_wconf 88' lang='lat' dir='ltr'>ab</span> <span class='ocrx_word' id='word_1_210' title='bbox 893 3852 1050 3942; x_wconf 85' lang='lat' dir='ltr'>Euripide</span> <span class='ocrx_word' id='word_1_211' title='bbox 1078 3855 1240 3940; x_wconf 85' lang='lat' dir='ltr'>interdum</span> <span class='ocrx_word' id='word_1_212' title='bbox 1267 3879 1337 3922; x_wconf 89' lang='lat' dir='ltr'>csse</span> 
     </span>
     <span class='ocr_line' id='line_1_34' title="bbox 169 3956 1338 4040; baseline 0.006 -22"><span class='ocrx_word' id='word_1_213' title='bbox 169 3956 377 4040; x_wconf 87' lang='lat' dir='ltr'>interpositos</span> <span class='ocrx_word' id='word_1_214' title='bbox 410 3967 533 4020; x_wconf 87' lang='lat' dir='ltr'>eertum</span> <span class='ocrx_word' id='word_1_215' title='bbox 566 3964 622 4022; x_wconf 89' lang='lat' dir='ltr'>est.</span> <span class='ocrx_word' id='word_1_216' title='bbox 665 3957 708 4021; x_wconf 88' lang='lat' dir='ltr'>V.</span> <span class='ocrx_word' id='word_1_217' title='bbox 730 3956 810 4021; x_wconf 90' lang='lat' dir='ltr'>Hec.</span> <span class='ocrx_word' id='word_1_218' title='bbox 841 3958 903 4021; x_wconf 82' lang='grc'>186</span> <span class='ocrx_word' id='word_1_219' title='bbox 933 3968 965 4023; x_wconf 89' lang='lat' dir='ltr'>et</span> <span class='ocrx_word' id='word_1_220' title='bbox 996 3957 1034 4023; x_wconf 82' lang='lat' dir='ltr'>G.</span> <span class='ocrx_word' id='word_1_221' title='bbox 1064 3957 1229 4021; x_wconf 88' lang='lat' dir='ltr'>Dindorfii</span> <span class='ocrx_word' id='word_1_222' title='bbox 1262 3958 1338 4025; x_wconf 88' lang='lat' dir='ltr'>diss.</span> 
     </span>
     <span class='ocr_line' id='line_1_35' title="bbox 169 4056 897 4144; baseline 0.007 -24"><span class='ocrx_word' id='word_1_223' title='bbox 169 4056 222 4120; x_wconf 87' lang='lat' dir='ltr'>Dc</span> <span class='ocrx_word' id='word_1_224' title='bbox 244 4058 354 4122; x_wconf 89' lang='lat' dir='ltr'>metris</span> <span class='ocrx_word' id='word_1_225' title='bbox 375 4068 543 4144; x_wconf 89' lang='lat' dir='ltr'>poetarum</span> <span class='ocrx_word' id='word_1_226' title='bbox 566 4060 766 4123; x_wconf 90' lang='lat' dir='ltr'>scenicorum</span> <span class='ocrx_word' id='word_1_227' title='bbox 792 4082 822 4144; x_wconf 92' lang='lat' dir='ltr'>p.</span> <span class='ocrx_word' id='word_1_228' title='bbox 847 4061 897 4126; x_wconf 88' lang='lat'>53.</span> 
     </span>
    </p>

    <p class='ocr_par' dir='ltr' id='par_1_16' title="bbox 171 4159 1341 4350">
     <span class='ocr_line' id='line_1_36' title="bbox 257 4159 1340 4250; baseline 0.006 -28"><span class='ocrx_word' id='word_1_229' title='bbox 257 4159 345 4224; x_wconf 90' lang='lat' dir='ltr'>Huic</span> <span class='ocrx_word' id='word_1_230' title='bbox 380 4162 489 4225; x_wconf 88' lang='lat' dir='ltr'>versui</span> <span class='ocrx_word' id='word_1_231' title='bbox 526 4159 699 4246; x_wconf 87' lang='lat' dir='ltr'>respondet</span> <span class='ocrx_word' id='word_1_232' title='bbox 734 4159 985 4245; x_wconf 89' lang='lat' dir='ltr'>antistrophicus</span> <span class='ocrx_word' id='word_1_233' title='bbox 1022 4182 1053 4225; x_wconf 83' lang='lat' dir='ltr'>V.</span> <span class='ocrx_word' id='word_1_234' title='bbox 1086 4162 1165 4237; x_wconf 75' lang='lat'>904,</span> <span class='ocrx_word' id='word_1_235' title='bbox 1201 4172 1233 4226; x_wconf 90' lang='lat' dir='ltr'>et</span> <span class='ocrx_word' id='word_1_236' title='bbox 1270 4164 1340 4250; x_wconf 85' lang='lat' dir='ltr'>ipse</span> 
     </span>
     <span class='ocr_line' id='line_1_37' title="bbox 171 4253 1341 4350; baseline 0.007 -26"><span class='ocrx_word' id='word_1_237' title='bbox 171 4260 353 4342; x_wconf 90' lang='lat' dir='ltr'>dochmius‚</span> <span class='ocrx_word' id='word_1_238' title='bbox 387 4283 583 4347; x_wconf 89' lang='lat' dir='ltr'>quamquam</span> <span class='ocrx_word' id='word_1_239' title='bbox 614 4261 711 4326; x_wconf 88' lang='lat' dir='ltr'>aliam</span> <span class='ocrx_word' id='word_1_240' title='bbox 743 4259 948 4326; x_wconf 88' lang='lat' dir='ltr'>multiformis</span> <span class='ocrx_word' id='word_1_241' title='bbox 981 4263 1051 4346; x_wconf 89' lang='lat' dir='ltr'>ejus</span> <span class='ocrx_word' id='word_1_242' title='bbox 1083 4253 1175 4349; x_wconf 88' lang='lat' dir='ltr'>pedis</span> <span class='ocrx_word' id='word_1_243' title='bbox 1205 4264 1341 4350; x_wconf 87' lang='lat' dir='ltr'>praebet</span> 
     </span>
    </p>
   </div>
   <div class='ocr_carea' id='block_1_9' title="bbox 171 4362 1341 4520">
    <p class='ocr_par' dir='ltr' id='par_1_17' title="bbox 171 4362 1341 4520">
     <span class='ocr_line' id='line_1_38' title="bbox 171 4362 1341 4451; baseline 0.006 -24"><span class='ocrx_word' id='word_1_244' title='bbox 171 4365 320 4449; x_wconf 86' lang='lat' dir='ltr'>speciem.</span> <span class='ocrx_word' id='word_1_245' title='bbox 364 4362 474 4443; x_wconf 80' lang='lat' dir='ltr'>Quare</span> <span class='ocrx_word' id='word_1_246' title='bbox 505 4387 587 4451; x_wconf 88' lang='lat' dir='ltr'>quae</span> <span class='ocrx_word' id='word_1_247' title='bbox 618 4363 660 4428; x_wconf 88' lang='lat' dir='ltr'>ad</span> <span class='ocrx_word' id='word_1_248' title='bbox 689 4362 888 4450; x_wconf 88' lang='lat' dir='ltr'>syllabarum</span> <span class='ocrx_word' id='word_1_249' title='bbox 911 4363 1138 4449; x_wconf 88' lang='lat' dir='ltr'>aequalitatem</span> <span class='ocrx_word' id='word_1_250' title='bbox 1160 4367 1341 4451; x_wconf 90' lang='lat' dir='ltr'>parandam</span> 
     </span>
     <span class='ocr_line' id='line_1_39' title="bbox 1133 4467 1171 4520; baseline 0 -22"><span class='ocrx_word' id='word_1_251' title='bbox 1133 4467 1171 4520; x_wconf 67' lang='lat'>2*</span> 
     </span>
    </p>
   </div>
   <div class='ocr_carea' id='block_1_10' title="bbox 0 0 1518 4950">
    <p class='ocr_par' dir='ltr' id='par_1_18' title="bbox 0 0 1518 4950">
     <span class='ocr_line' id='line_1_40' title="bbox 0 0 1518 4950; baseline 0 0"><span class='ocrx_word' id='word_1_252' title='bbox 0 0 1518 4950; x_wconf 95' lang='lat' dir='ltr'> </span> 
     </span>
    </p>
   </div>
  </div>
 </body>
</html>
