2978 4950
1307 292 1327 354 3

243 455 303 520 Ion
340 455 461 542 triplex
492 456 551 521 sibi
585 480 701 522 munus
735 479 804 522 esse
839 458 918 521 dicit
950 460 1128 545 pavimenti
1161 459 1325 542 verrendi,

157 579 262 642 aquae
297 557 512 644 spargendae,
548 560 658 624 avium
691 581 710 622 a
742 557 861 645 templo
900 561 1067 646 signisque
1101 561 1325 626 arcendorum.

158 660 302 723 Primum
324 669 432 725 autem
454 658 538 724 lauri
559 683 674 737 ramos,
699 661 776 725 dum
798 661 909 744 verrit,
936 661 1066 727 videtur
1088 662 1209 748 alloqui
1229 672 1327 748 atque

160 761 340 826 cohortari:
1166 797 1168 802 ·

455 853 509 945 ὅγ’
536 848 562 926 ui
583 861 744 946 νεηθαλὲς
765 851 791 927 αῖ

454 956 632 1028 κάλλιστον
652 961 871 1046 προπόλευμα
894 958 1030 1051 δάφνας,

455 1054 558 1129 δυοῖν
581 1063 710 1148 Φοίβου
732 1063 883 1147 θυμέλαν
917 1113 919 1116 -

455 1164 581 1249 σαίρεις
601 1160 669 1232 όπὸ
691 1170 784 1245 ναοῖς
1100 1170 1160 1233 115

456 1266 574 1334 κόπων
597 1266 635 1348 ἐξ
655 1261 840 1345 όιδανάσιον,

455 1370 509 1435 ἵνα
533 1368 646 1451 δρόσοι
668 1365 818 1455 τέγγουσ’
846 1368 932 1453 ίεραί

525 1464 585 1536 τάν
607 1463 723 1536 ἀέναον
745 1467 857 1556 παγὰν

456 1571 669 1658 ἐκπροϊεῖσαι

455 1672 613 1760 μυρσίνας
636 1670 726 1757 ῖερδιν
742 1671 864 1760 φόβαν,
1101 1677 1161 1740 120

457 1763 479 1862 ᾇ
503 1774 608 1862 σαίρω
629 1771 777 1841 δάπεδον
798 1780 881 1842 θεοῦ
895 1828 901 1841 .

249 1947 287 2010 In
304 1944 353 2010 his
367 1944 461 2032 plura
475 1948 586 2011 insunt
601 1967 682 2030 quae
692 1945 816 2029 justam
834 1944 1004 2024 dubitandi
1027 1967 1158 2009 oausam
1180 1945 1329 2011 afferant.

160 2048 306 2112 Primum
321 2049 405 2111 enim
421 2049 480 2112 vix
503 2057 551 2111 est
571 2046 735 2128 credibile,
758 2047 800 2111 ad
822 2069 922 2111 unum
946 2041 1073 2131 δάφνας
1089 2058 1216 2132 poetam
1240 2046 1329 2110 addi·

158 2150 246 2213 disse
267 2150 406 2235 primum
431 2138 453 2213 ἃ
476 2147 610 2232 σαίρεις,
633 2149 750 2213 deinde
774 2134 796 2234 ᾇ
820 2146 935 2234 σαίρω.
980 2148 1064 2211 Tum
1079 2150 1184 2213 minus
1196 2157 1245 2213 est
1260 2151 1330 2213 veri

158 2250 262 2316 simile
286 2251 422 2314 eundem
446 2250 584 2334 dixisse,
614 2249 740 2314 laurum
770 2248 860 2313 illam
890 2260 1001 2313 natam
1028 2272 1097 2314 esse
1127 2253 1159 2314 in
1192 2252 1331 2315 aeternis

160 2352 272 2434 hortis,
295 2351 351 2415 ubi
373 2374 447 2417 rore
464 2353 574 2418 divino
591 2351 792 2416 humectetur
810 2361 940 2438 myrtus.
986 2351 1137 2436 Denique
1160 2354 1242 2416 ratio
1264 2374 1329 2416 non

159 2464 210 2518 est
232 2453 351 2532 dicere,
374 2453 493 2519 divinis
515 2453 703 2518 humoribus
727 2455 828 2518 emitti
850 2475 1024 2539 perennem
1046 2454 1184 2538 fontem,
1217 2477 1290 2518 eum
1313 2477 1331 2517 e

161 2556 323 2620 contrario
339 2563 475 2626 naturae
490 2556 532 2619 sit
548 2550 798 2619 consentaneum
814 2557 948 2639 perenni
966 2555 1054 2619 fonte
1078 2557 1180 2620 emitti
1203 2555 1331 2621 divinos

160 2657 321 2733 humores.
365 2655 502 2719 Accedit
524 2656 610 2740 quod
632 2657 703 2732 Ion,
726 2678 797 2720 cum
821 2679 902 2741 opus
924 2658 1045 2743 incipit,
1071 2658 1147 2721 dicit
1169 2658 1212 2741 (v.
1236 2660 1329 2742 103):

161 2753 345 2844 πτόρθοισι
369 2752 496 2844 δάφνης
518 2755 672 2846 στέφεσίν
693 2751 732 2821 θ’
754 2753 855 2843 ῖεροῖς
875 2749 1009 2837 ἐσόδους
1026 2756 1153 2841 Φοίβου
1177 2755 1330 2843 καθαρὰς

161 2858 317 2945 θήσομεν,
340 2859 373 2922 in
396 2861 465 2944 ipso
488 2869 596 2923 autem
619 2861 760 2924 carmine
780 2860 820 2924 dc
840 2859 890 2923 his
906 2859 1041 2945 σιέφεσι
1062 2860 1191 2925 εἰδυῖαι
1214 2871 1331 2927 tacere.

162 2961 274 3042 Quare
302 2962 329 3025 si
359 2959 403 3029 G.
432 2960 656 3024 Herrnannum
686 2972 814 3035 secutus
843 2959 957 3048 στέφη,
988 2983 1070 3052 quae
1101 2983 1167 3025 non
1195 2974 1330 3047 possunt

161 3086 233 3128 esse
255 3084 393 3129 coronae
423 3071 587 3147 myrteas,
612 3062 730 3147 quibus
760 3063 871 3148 templi
893 3060 1089 3127 vestibulum
1111 3074 1263 3147 exornet,
1286 3067 1332 3130 ita

161 3165 337 3249 intellegis,
367 3174 403 3230 nt
435 3161 552 3227 laureis
574 3173 670 3249 atque
691 3167 826 3250 myrteis
847 3165 948 3248 virgis
970 3164 1005 3226 in
1031 3164 1150 3249 templo
1171 3166 1331 3231 verrendo

161 3289 236 3331 eum
267 3268 315 3331 uti
346 3275 442 3352 poeta
475 3266 571 3348 dicat,
606 3277 774 3352 utramque
811 3277 915 3352 potest
948 3264 1084 3351 alloqui,
1116 3268 1225 3352 itaque
1259 3291 1332 3333 cum

164 3367 306 3432 Heathio
321 3365 538 3448 scribendum,
561 3369 682 3431 inserto
705 3376 875 3454 praeterea
895 3390 960 3433 uno
980 3388 1023 3443 τε,

521 3483 679 3568 μυρσίνας
700 3477 738 3550 δ’
765 3480 846 3568 ἱερὰ
869 3480 939 3569 φόβ
947 3509 978 3550 α.

163 3603 291 3670 Deinde
313 3628 385 3669 cum
409 3602 488 3667 nihil
516 3605 557 3668 sit
577 3605 648 3668 veri
671 3602 805 3668 similius
827 3626 924 3689 quam
946 3616 1074 3689 poetam
1095 3604 1217 3670 dixisse
1239 3629 1330 3671 sacro

161 3706 217 3771 illo
240 3728 313 3771 rore
336 3706 515 3770 humectari
536 3716 666 3789 terram,
695 3707 728 3769 in
752 3705 868 3770 lacuna
890 3726 972 3790 quae
995 3703 1150 3771 antesin
1173 3719 1234 3792 est,
1259 3710 1333 3792 γαῖν

162 3808 262 3874 fuisse
285 3808 548 3873 existimaverim.
592 3806 743 3892 Denique
767 3808 793 3871 si
816 3809 850 3870 in
872 3808 912 3871 iis
943 3828 1025 3892 quae
1047 3807 1237 3894 interposita
1259 3821 1335 3875 sunt

163 3911 273 3975 verbis
293 3919 455 3974 mutemus
1329 3904 1331 3906 ’

528 4015 588 4076 σάν
610 4002 749 4076 άενάων
770 4014 883 4094 παγᾶν

462 4111 702 4196 ἕκπροῖεῖσαν,

159 4232 229 4318 jem
250 4251 341 4296 rores
363 4232 464 4296 emitti
487 4230 636 4295 dicentur
659 4252 684 4294 ε’
699 4228 896 4316 perennibus
919 4228 1071 4295 fontibus.

251 4332 402 4400 Ceterum
415 4332 620 4414 monendum,
644 4331 684 4396 ab
705 4332 774 4417 ipso
791 4330 879 4412 Ione,
901 4331 979 4416 quid
994 4330 1055 4395 sibi
1070 4331 1168 4396 fuerit
1183 4336 1335 4418 muneris,

1131 4435 1143 4487 l
1153 4434 1167 4463 *
