2978 4950
1310 293 1331 355 θ

161 469 197 521 ut
212 453 290 521 κενὰ
311 451 503 539 δοξάσματα
527 457 611 521 idern
627 457 668 521 sit
691 456 776 541 quod
800 454 923 538 ἔχοντες
948 483 978 524 κ.
996 460 1023 523 δ.
1047 459 1099 523 vel
1122 460 1258 544 πλήρεις
1279 483 1330 524 κε-

161 560 224 623 νῶν
254 555 470 639 δοξασμάτων
506 561 538 622 in
576 561 720 622 oratione
754 558 897 640 Orestis,
933 581 1017 644 quae
1053 561 1087 623 in
1122 559 1250 637 Electra
1282 573 1331 624 est

162 660 205 741 (v.
228 660 315 742 383).
370 658 574 745 Quamquam
603 662 688 723 enim
715 661 937 743 antiquissimo
967 661 1165 745 fragment0,
1195 662 1235 725 dc
1266 683 1329 747 quo

161 759 306 824 Blassius
330 761 507 848 disputavit
536 763 570 824 in
593 761 677 828 Mus.
701 760 803 824 Rhen.
827 771 848 828 t.
872 762 1013 841 XXXV,
1043 784 1126 847 qnae
1157 762 1253 848 vulgo
1285 761 1330 826 le·

160 872 283 946 guntur
303 863 456 928 videntur
479 861 679 945 confirmari,
698 875 806 927 tamen
829 886 932 948 paene
954 865 1171 928 necessarium
1196 873 1244 929 est
1266 875 1330 928 ter·

159 964 241 1027 tium
262 987 393 1029 versum
416 974 447 1028 et
470 973 620 1048 quartum
641 964 687 1027 ita
710 965 889 1049 corrigere,
913 974 947 1028 ut
969 965 1243 1030 hemistichiorum
1265 967 1330 1029 τῶν

160 1067 261 1128 κενῶν
276 1061 492 1148 δοξασμάτων
506 1077 602 1150 atque
623 1056 859 1148 εὐγενεστέρους
880 1065 965 1149 λέγω
986 1065 1074 1130 Ιοεαε
1097 1076 1246 1150 mutetur,
1269 1089 1328 1152 pro

160 1159 287 1230 δούλων
315 1177 439 1249 autem,
474 1167 560 1253 quod
587 1167 622 1229 in
651 1165 741 1231 libris
764 1169 820 1248 ist,
853 1168 964 1232 δοῦλοι
999 1168 1169 1234 scribatur.
1228 1168 1329 1233 Primi

161 1291 239 1331 vcro
261 1290 375 1332 versus
403 1270 636 1333 restitutionem
666 1269 707 1333 ab
730 1267 950 1333 Heimsoetbio
979 1269 1160 1334 incohatam
1189 1272 1328 1356 sagacis·

160 1371 240 1433 sime
263 1369 401 1435 confecit
424 1369 608 1452 Nauckius3
642 1370 729 1454 quod
761 1372 845 1434 enim
876 1371 927 1434 hic
959 1371 1142 1457 conjecerat
1172 1366 1237 1458 ὅτῳ
1269 1395 1327 1456 pro

161 1463 263 1548 ὅπως,
288 1471 373 1555 quod
392 1469 468 1535 libri
491 1469 659 1556 Euripidei
682 1471 855 1556 praebent,
878 1469 940 1536 hoc
963 1473 1143 1557 fragmento
1164 1472 1219 1538 illo
1242 1496 1328 1538 nunc

160 1572 384 1636 confirmatum
407 1581 462 1636 est.

245 1674 284 1736 In
307 1673 486 1759 fragmento
510 1673 647 1757 denique
669 1674 751 1738 499:

363 1825 506 1891 τίσασθε
527 1827 638 1906 τήνδε·
662 1824 719 1889 καί
744 1819 803 1907 γὰρ
828 1821 976 1891 ἐντεῦθεν
999 1831 1088 1892 νοσεῖ

363 1925 404 1991 τὰ
425 1930 490 1992 τῶν
512 1929 691 2012 γυναικῶν·
717 1923 831 2008 οἳμὲν
853 1918 873 2014 ἢ
895 1925 1028 1992 παίδων
1051 1929 1129 2010 πέρι

364 2020 386 2116 ἢ
406 2028 591 2112 συγγενείας
612 2021 710 2094 εἵνεκ’
737 2023 795 2094 οὐκ
819 2022 998 2093 ἀπώλεσαν

364 2127 468 2219 κακὴν
490 2125 662 2213 λαβόντες·

158 2276 337 2348 ἀπώλεσαν
359 2285 416 2348 vix
437 2292 523 2348 recte
553 2305 587 2348 se
615 2283 720 2348 habet.
773 2283 885 2346 Sermo
915 2284 1000 2346 enim
1028 2305 1097 2347 esse
1126 2283 1255 2348 videtur
1285 2286 1326 2349 de

159 2387 292 2469 maritis,
315 2387 372 2470 qui
395 2407 589 2472 quamquam
612 2379 729 2469 pravas¹
750 2406 819 2448 esse
840 2406 957 2448 uxores
974 2385 1196 2469 cognoverint,
1219 2395 1325 2450 tamen

160 2499 216 2552 aut
249 2486 424 2552 liberorum
459 2498 515 2551 aut
553 2496 762 2570 cognatorum
799 2508 896 2550 causa
925 2485 997 2550 illas
1032 2498 1206 2550 vereantur
1240 2490 1326 2550 l'oras

159 2591 315 2673 emittere,
338 2592 397 2658 i.e.
423 2583 703 2672 ἀποπέμψασθαι
727 2585 777 2649 vel
802 2586 952 2670 ἐκβαλεῖν
977 2579 1137 2669 δωμάτων
1159 2589 1202 2669 (v.
1213 2588 1325 2673 fragm.

157 2693 244 2774 406).
264 2693 379 2777 Itaque
390 2691 525 2756 fortasse
535 2687 733 2777 probabilius
746 2687 909 2751 videbitur
923 2681 1014 2774 ἀπῃί
1023 2714 1042 2752 ν,
1052 2715 1063 2753 ι
1074 2711 1148 2753 σαν
1163 2690 1217 2770 (cf.
1227 2689 1326 2776 Hipp.

158 2819 190 2858 v.
214 2794 309 2877 629),
331 2792 451 2857 scilicet
474 2785 518 2870 τίς
538 2788 594 2857 τὸν
615 2787 733 2875 πατέρ’
761 2783 925 2854 ἀπελθεῖν
948 2784 1081 2870 οἴκαδε,
1112 2802 1147 2853 ut
1170 2791 1325 2853 Anaxan-

159 2896 267 2960 drides
291 2895 370 2958 dicit
393 2893 480 2981 apud
504 2894 593 2960 Stob.
618 2893 705 2960 Flor.
728 2891 886 2972 LXXIV,
911 2895 938 2956 l.

247 3000 431 3082 Antequam
456 2995 588 3059 Xuthus
609 2997 642 3058 in
665 2993 819 3079 templum
842 2993 1022 3077 ingreditur
1056 2993 1220 3057 oraculum
1252 3015 1327 3056 con-

159 3100 316 3181 sulturus,
348 3098 487 3180 Creusa,
525 3099 552 3158 si
583 3096 661 3159 deus
692 3117 777 3159 nunc
807 3092 885 3157 velit
915 3095 1077 3178 corrigere
1108 3094 1194 3178 quod
1232 3106 1327 3158 antea

159 3203 310 3286 peccarit,
334 3222 367 3264 se
390 3209 593 3284 accepturam
617 3219 687 3262 esse
708 3197 786 3261 dicit
809 3195 963 3281 quidquid
985 3194 1194 3280 respondeat:

577 3355 711 3438 Λοξίας
733 3349 765 3421 δ’
792 3352 849 3421 ἐὰν
871 3355 956 3439 θέλῃ
1220 3358 1283 3421 425

370 3464 423 3525 νῦν
446 3454 532 3523 ἀλλὰ
555 3455 613 3538 τὰς
636 3458 715 3544 πρίν
739 3455 915 3538 ἀναλαβεῖν
938 3450 1109 3540 ἁμαρτίας,

370 3556 461 3640 ἀπας
480 3560 539 3643 μὲν
562 3554 599 3626 οὗ
623 3553 739 3644 γίνοιτ’
767 3553 807 3623 ἀν
828 3555 875 3636 εἰς
897 3552 981 3645 ἡμᾶς
1003 3556 1110 3640 φίλος,

371 3657 447 3730 ὅσον
471 3662 508 3728 δὲ
530 3658 648 3751 χρῄζει,
673 3658 753 3738 θεὸς
776 3656 836 3745 γάρ
861 3657 939 3736 ε’στι,
961 3657 1110 3739 δέξομαι.

218 3899 221 3905 Ι
247 3824 329 3888 (lum
350 3824 390 3889 de
418 3847 482 3888 uno
508 3823 579 3905 illo,
610 3823 695 3909 quod
715 3819 899 3906 Apollinem
928 3819 1089 3884 editurum
1119 3841 1188 3883 esse
1210 3828 1327 3905 sperat,

162 3947 317 4011 responso
341 3925 501 4010 loquatur,
521 3917 598 3991 ὅσον
621 3924 658 3989 δὲ
680 3922 787 4011 χρῄζει
810 3943 875 3986 non
899 3933 985 3985 recte
1002 3920 1122 3985 dictum
1146 3943 1215 3985 esse
1236 3932 1328 4006 puta·

162 4030 275 4094 verim.
321 4025 418 4106 Quod
441 4037 527 4090 recte
554 4049 588 4089 sc
619 4027 768 4107 haberet,
804 4027 831 4089 si
858 4022 996 4105 δέχομαι
1031 4022 1160 4086 diceret.
1213 4024 1328 4106 Itaque

161 4129 222 4191 nisi
242 4121 352 4216 χρήσει
371 4128 500 4193 videtur
517 4126 698 4212 legendum,
722 4126 773 4190 vel
788 4120 920 4212 χρήσῃ
936 4125 988 4189 vel
1002 4119 1129 4212 χρῄζῃ
1161 4125 1329 4188 restituen-

163 4228 239 4292 dum
269 4241 317 4293 est
340 4231 456 4294 omisso
486 4224 532 4311 ἀν,
556 4250 620 4313 qua
648 4229 688 4294 de
714 4251 750 4293 re
780 4228 862 4292 conf.
895 4227 1029 4291 Porsen.
1061 4226 1103 4289 ad
1126 4223 1182 4290 Or.
1206 4249 1234 4292 v.
1258 4227 1329 4308 141,

163 4329 201 4394 G.
225 4329 402 4400 Hermann.
426 4331 467 4395 ad
491 4329 587 4416 Soph.
612 4328 694 4393 Phil.
718 4329 790 4393 798.
835 4327 875 4395 V.
898 4352 930 4392 v.
954 4329 1036 4392 1336
1067 4319 1176 4404 εὔνοος
1197 4319 1228 4390 δ’
1257 4315 1325 4392 οάσ)
