2978 4950
158 217 199 280 22

159 384 247 471 apud
269 383 461 470 Sophoclem
485 386 529 466 (v.
553 385 637 450 Phil.
660 409 691 449 v.
715 390 777 452 225
801 386 873 451 coll.
897 387 978 454 Oed.
1002 387 1070 457 001.
1094 413 1126 454 v.
1149 392 1257 474 1625),
1277 393 1323 455 ita

158 486 276 572 legitur
299 485 386 573 apud
410 485 558 563 eundem,
582 497 618 551 ut
640 489 696 553 Or.
715 491 777 555 794
801 481 858 556 οόκ
882 483 935 571 ἄρ’
962 485 1108 570 ὀκνήσεις
1115 519 1125 571 ,·
1147 482 1240 569 ὄκνος
1263 488 1327 578 γὰρ

158 592 229 667 τοῖς
258 586 371 674 φίλοις
399 585 502 654 κακὸν
530 586 631 675 μέγα,
668 591 710 655 ad
741 614 835 678 quem
865 590 969 656 locum
998 603 1084 657 reete
1116 592 1327 659 scholiastae:

160 684 265 776 φόβος
285 685 346 776 γὰρ
374 693 445 769 τοῖς
467 689 582 779 φίλοις
608 683 749 776 ὑπάρχει
783 691 869 779 μέγα
897 688 1015 777 κακόν,
1043 705 1079 758 ut
1106 695 1221 779 fragm.
1251 698 1325 779 278,

159 792 215 858 ubi
237 791 394 857 vocabulo
419 782 513 871 ὄκνος
534 794 707 878 opponitur
729 791 866 881 δρόσος.

246 895 285 959 In
314 917 345 959 v.
376 896 438 960 952
470 897 677 981 paedagogus
707 899 734 960 si
766 895 878 960 eadem
909 896 956 959 uti
985 894 1138 962 voluisset
1167 899 1327 980 irrisione,

161 1019 226 1082 qua
248 998 373 1063 Creusa
394 999 428 1060 in
448 1021 478 1065 v.
500 999 572 1080 905,
595 997 701 1061 dicere
725 999 881 1082 potuisset

313 1140 461 1235 τέθνηκ’,
486 1141 660 1215 Ἀπόλλων
682 1143 714 1213 δ’
742 1140 759 1214 ό
781 1145 883 1228 καλὸς
905 1142 1000 1214 οὐδὲν
1022 1139 1173 1234 ἤρκεσενς

162 1301 219 1366 sed
249 1299 405 1365 librorum
435 1299 536 1378 κακός
568 1309 654 1365 reete
683 1322 717 1364 se
748 1299 855 1369 habet.
904 1301 945 1364 In
976 1299 1181 1388 Melanippae
1217 1314 1325 1368 autem

158 1403 338 1489 fragmento
361 1405 440 1469 506:

313 1524 339 1601 ὦ
359 1535 481 1615 τέκνον,
504 1529 735 1618 ἀνθρώποισιν
756 1533 844 1602 ἔστιν
865 1528 918 1615 οἷς
939 1535 1013 1619 βίος

315 1631 333 1705 ὃ
354 1634 471 1722 μικρὸς
492 1629 608 1722 εόκρας
630 1629 771 1723 ἐγένεθ’,
795 1628 845 1725 οἷς
869 1634 900 1703 δ’
927 1629 1025 1723 ὄγκος
1046 1634 1157 1719 κακόν,

160 1795 238 1880 quin
261 1787 392 1860 καλόν
413 1790 585 1875 legendum
608 1792 665 1873 sit,
691 1813 756 1855 non
785 1791 914 1857 videtur
945 1791 1079 1856 dubium
1109 1814 1189 1857 esse.
1231 1792 1328 1860 Conf.

158 1894 230 1982 Iph.
254 1896 293 1960 A.
315 1919 347 1964 v.
370 1896 432 1960 449
454 1886 641 1978 προστάτην
664 1892 701 1957 δέ
721 1895 779 1958 τοῦ
798 1890 875 1974 βίον
896 1889 952 1961 τὸν
974 1884 1070 1978 ὄγκον
1093 1888 1216 1975 ἔχομεν.
1257 1897 1326 1959 Ion.

71 2079 73 2083 ι
160 2021 191 2064 v.
215 1998 288 2064 647.
326 1998 496 2082 Frequens
518 1994 572 2058 ille
594 1993 801 2058 librariorum
824 2017 921 2059 error.
962 1994 1053 2060 Oonf.
1076 1997 1145 2066 Ion.
1164 2022 1194 2062 v.
1208 2000 1280 2067 450.

248 2099 459 2184 Paedagogus
481 2096 523 2161 ad
547 2118 627 2181 opus
648 2096 736 2159 Ionis
762 2095 967 2160 interimendi
994 2119 1182 2163 accessurus
1210 2096 1328 2183 pedem

160 2223 263 2284 suum,
286 2223 327 2265 ne
350 2222 421 2265 sese
443 2199 580 2280 deserat,
604 2197 806 2262 cohortatur:

313 2329 379 2422 (λίγ’,
404 2324 430 2400 ὦ
452 2334 561 2419 γεραιὲ
582 2329 673 2412 πούς,
697 2331 826 2411 νεανίας
847 2334 940 2418 γενοῦ
1199 2337 1278 2401 1941

313 2435 448 2524 ἔργοισι,
471 2432 523 2502 κεί
542 2431 588 2523 μὴ
609 2436 655 2520 τῷ
676 2429 781 2519 χρόνῳ
803 2428 945 2515 πάρεστί
964 2455 1029 2500 σοι.

312 2534 433 2625 ε’χδρδν
455 2530 487 2603 δ’
512 2529 568 2602 ἐπ’
597 2527 698 2621 ὄνδρα
721 2539 827 2616 στεῖχε
853 2535 1025 2601 δεσποτῶν
1045 2535 1130 2618 με’τα

312 2641 370 2707 καί
393 2635 573 2729 συμφόνευε
595 2637 653 2704 καί
673 2635 853 2718 συνεξαίρει
876 2633 992 2721 δόμων.

158 2780 198 2843 In
218 2778 319 2844 altero
335 2800 432 2842 versu
448 2774 654 2863 praetulerim
672 2771 843 2859 ἔργοισί
864 2771 908 2857 γ’,
929 2772 979 2851 εί,
1003 2798 1076 2838 eum
1091 2774 1149 2840 καί
1164 2776 1268 2839 minus
1284 2777 1329 2840 sit

160 2879 377 2944 necessarium
391 2880 434 2963 (v.
445 2880 565 2965 Iph.A.
577 2902 606 2942 v.
615 2878 702 2962 997),
717 2879 751 2942 in
767 2880 861 2941 tertio
878 2889 983 2941 autem
1000 2877 1169 2942 δεσποτῶν
1182 2877 1239 2940 vix
1255 2899 1326 2942 esse

161 2980 364 3046 tolerandum
380 2990 467 3067 puto.
494 2980 578 3043 Nam
591 2978 725 3044 dubium
742 3001 811 3043 esse
829 3000 894 3042 non
907 2987 1012 3063 potest
1021 2980 1100 3063 quin
1113 2977 1173 3042 hoe
1186 2976 1323 3041 vocabu-

159 3082 227 3146 lum
243 3084 289 3145 ita
304 3079 556 3167 intellegendum
571 3081 620 3156 sit,
645 3092 680 3146 ut
694 3080 901 3167 paedagogus
924 3101 994 3144 sese
1009 3078 1148 3165 appellet
1163 3072 1328 3167 δεσπότην

163 3179 278 3264 ποδός,
302 3191 338 3246 ut
359 3184 392 3246 in
417 3181 608 3268 Soph.Phil.
631 3207 662 3247 v.
678 3184 741 3247 262
763 3183 827 3245 τῶν
837 3173 1042 3266 Ἡρακλείων
1063 3171 1140 3246 ὄντα
1164 3175 1329 3269 δεσπότην

160 3278 284 3367 ὅπλων,
294 3283 372 3348 Eur.
384 3283 458 3349 Hel.
475 3307 506 3349 v.
520 3286 582 3349 572
597 3283 706 3349 ποίων
724 3283 761 3348 δὲ
776 3282 917 3367 λέκτρων
929 3278 1090 3370 δεσπότης
1108 3275 1217 3347 ὄλλων
1229 3279 1328 3368 ilaue,-

160 3386 275 3472 Neque
296 3407 373 3451 vero
396 3385 526 3450 videtur
549 3387 616 3450 veri
642 3384 757 3468 simile,
776 3386 810 3448 in
833 3384 894 3448 hae
912 3384 1145 3469 significatione
1167 3384 1326 3470 pluralem

159 3509 329 3551 numerum
350 3488 493 3571 potuisse
515 3488 683 3574 usurpari,
710 3488 900 3572 praesertim
931 3507 1001 3548 cum
1025 3487 1118 3551 toties
1140 3488 1174 3550 in
1195 3485 1257 3550 hae
1280 3486 1325 3550 fa·

159 3586 236 3652 bula
251 3583 413 3653 δεσπόται
437 3589 585 3653 dieantur
607 3610 667 3652 rex
689 3597 721 3652 et
741 3588 863 3673 regina,
885 3586 968 3650 hanc
989 3597 1095 3651 autem
1118 3588 1326 3674 paedagogus

83 3688 86 3692 ’
159 3689 269 3754 dicere
294 3710 358 3753 non
387 3692 504 3774 possit,
535 3712 607 3754 eum
637 3692 671 3753 in
700 3714 731 3756 v.
755 3690 838 3754 1039
869 3687 989 3751 dixerit
1015 3681 1054 3753 σδ
1081 3688 1141 3770 μέν
1169 3715 1223 3755 νον
1244 3685 1327 3756 εἴσω

161 3790 329 3874 προξένων
343 3793 447 3873 μέθες
468 3787 575 3858 πόδα·
599 3785 694 3879 ἡμεῖς
716 3783 747 3855 δ’
767 3784 821 3878 ἐφ’
841 3774 867 3876 ᾦ
890 3781 1066 3873 τετάγμεθ’
1091 3786 1325 3879 ἐκπονήσομεν.

159 3892 274 3978 Itaque
296 3891 466 3976 legendum

508 4014 615 4092 στεῖχε
639 4005 852 4074 δεσπότου
873 4007 966 4089 μέτα.

246 4145 368 4209 Servus
399 4144 540 4210 Creusae
569 4157 696 4228 narrat,
730 4166 792 4231 quo
822 4142 917 4207 modo
947 4142 1127 4230 paedagogi
1157 4145 1326 4210 eonsilium

159 4247 248 4311 Ionis
271 4246 477 4310 interimendi
498 4246 539 4310 sit
562 4248 773 4331 patefactum:
797 4265 898 4308 senex
920 4246 1014 4328 enim,
1032 4247 1145 4332 inquit,
