2978 4950
1262 281 1303 346 47

185 432 271 528 ,lived
295 435 399 508 οὕνεκ’
426 435 569 536 εὐλογεῖς
590 440 670 511 θεὸν
691 441 932 527 μεταβαλοόσ·
954 439 1007 512 ἀεί
1029 430 1119 513 ποτε
1177 531 1180 536 Α

184 540 298 626 χρόνια
318 541 378 625 μὲν
398 539 439 607 τὰ
460 546 524 609 τῶν
545 548 634 611 θεῶν
656 570 737 624 πως,
761 542 808 625 εἰς
823 544 915 625 τέλος
930 539 959 611 δ’
987 539 1045 615 οὐκ
1060 543 1187 637 ἁσδενῆ
1222 551 1304 616 1615

141 709 174 762 et
195 699 267 783 ipsa
289 697 458 762 manifesto
482 699 670 782 ostendunt,
693 721 756 763 non
779 698 929 763 ferendos
951 721 1021 763 esse
1041 724 1073 766 v.
1098 703 1181 766 1563
1204 724 1305 788 usque

142 799 185 863 ad
202 800 293 865 1568.
339 797 384 862 Ut
407 802 490 863 euim
511 799 566 864 illa
586 812 633 865 est
651 800 817 887 Euripidis
832 802 1000 884 sententia,
1021 812 1057 866 ut
1072 825 1089 867 e
1106 802 1305 868 Philoctetae

139 900 210 984 ejus
238 900 419 982 fragmento
450 912 585 988 apparet
613 902 738 986 (fragm.
773 903 833 969 797
863 905 958 979 θεοῖς
982 951 1056 982 ...,
1088 895 1131 982 ὡς
1160 909 1228 969 πᾶν
1256 928 1305 970 τε·

141 1003 253 1084 λοῦσι,
279 993 339 1066 κᾶν
361 995 581 1086 βραδύνωσιν,
603 999 717 1089 χρόνῳ,
747 1003 818 1068 coll.
850 1002 968 1067 Bacch.
999 1025 1031 1071 v.
1051 1005 1123 1073 882.
1160 1005 1259 1070 Herc.
1283 1006 1305 1075 f.

141 1127 170 1168 v.
195 1104 286 1186 759),
309 1104 354 1167 ita
378 1124 461 1188 quae
483 1103 544 1166 dea
570 1126 669 1190 supra
699 1115 889 1170 narraverat
913 1103 1093 1190 Apollinem
1122 1106 1213 1171 initio
1243 1107 1305 1172 sibi

139 1206 354 1290 proposuisse,
376 1227 413 1269 ea
436 1228 500 1270 non
523 1205 626 1271 solum
640 1228 704 1270 non
721 1217 813 1270 erant
835 1201 882 1284 εἷς
901 1205 995 1282 τέλος
1017 1197 1075 1271 ota
1095 1197 1227 1294 ἀσθενῆ,
1248 1208 1305 1273 sed

140 1305 259 1370 indicio
283 1306 372 1371 chori
395 1306 437 1370 ad
462 1308 587 1370 irritum
612 1307 754 1373 redacta.

227 1423 354 1489 Deinde
376 1423 499 1490 Creusa
521 1425 668 1489 hortatur
690 1422 800 1505 filium,
825 1435 860 1487 ut
884 1424 1014 1489 domum
1036 1424 1186 1491 redeant:

452 1565 478 1641 ὦ
501 1575 621 1655 τέκνον,
645 1574 822 1659 στείχωμεν
845 1571 967 1655 οἴκους,

141 1731 288 1794 hortatur
311 1730 372 1794 dea
394 1751 530 1816 quoque,
552 1733 655 1816 ipsam
678 1730 902 1793 comitaturam
926 1751 978 1793 eos
1000 1728 1184 1814 pollicetur:

459 1877 616 1965 orstxeu’,
640 1879 767 1966 ἕψομαι
788 1877 819 1946 δ’
846 1879 919 1966 ἐγώ.
1138 1886 1220 1949 1616

227 2035 300 2102 Ηοο
322 2038 407 2101 enim
429 2036 539 2100 valere
562 2033 700 2122 ἕψομαι,
722 2057 787 2101 non
810 2057 936 2122 sequar,
958 2057 997 2100 ea
1020 2036 1200 2119 ostendunt,
1222 2059 1305 2120 quae

139 2138 199 2202 Ion
222 2136 403 2224 respondet,

350 2303 352 2307 ’
458 2282 537 2369 οἰξιά
557 2281 588 2374 χ’
613 2282 703 2376 ἡμῶν
726 2282 868 2374 ὁδουρός,
1138 2291 1218 2356 1617

138 2462 204 2526 nisi
224 2462 307 2526 forte
330 2461 416 2524 hunc
438 2459 539 2523 verba
561 2458 641 2523 deae
664 2483 834 2546 perperam
857 2460 1053 2526 intellexisse
1076 2460 1215 2546 putabis.
1259 2459 1307 2525 At

140 2563 202 2627 dea
223 2562 295 2648 ipsa
316 2561 423 2648 paullo
445 2571 519 2625 ante
543 2562 587 2643 (v.
605 2561 701 2643 1604)
724 2561 832 2625 valere
856 2585 909 2627 eos
925 2563 1077 2649 jusserat.
1116 2563 1181 2644 Qui
1198 2570 1306 2627 autem

140 2663 306 2728 discedere
323 2663 441 2750 jubent
468 2660 563 2741 alios,
594 2661 782 2727 discessuris
804 2664 913 2728 valere
936 2663 1063 2747 dicunt,
1094 2663 1118 2726 ii
1146 2685 1306 2729 unacum

141 2764 190 2829 his
213 2787 277 2831 non
300 2764 404 2830 solent
432 2763 603 2850 proficisci.
651 2763 723 2828 Non
753 2775 802 2830 est
830 2765 979 2845 dubium,
1009 2766 1086 2850 quin
1118 2764 1198 2830 deus
1221 2765 1305 2851 quis-

141 2889 239 2954 quam
260 2867 367 2931 dicere
397 2869 537 2953 potuerit
564 2888 598 2929 se
620 2876 676 2931 aut
697 2880 941 2951 prosecuturum
972 2887 1041 2930 esse
1067 2888 1143 2930 suos
1172 2877 1228 2931 aut
1250 2866 1306 2930 ad-

140 2969 285 3034 futurum
300 2966 372 3050 illis,
396 2978 431 3033 ut
451 2966 638 3053 Vergiliana
653 2969 781 3033 Venus:
804 2989 964 3053 nusquam
978 2965 1188 3050 abero,·dicit
1209 2969 1306 3051 (Aen.

139 3069 185 3154 H,
207 3071 300 3154 619),
330 3082 366 3136 ut
393 3071 427 3133 in
453 3069 623 3155 Iphigenia
646 3069 789 3133 Taurica
816 3070 887 3154 ipsa
900 3069 1059 3163 'Minerva
1081 3063 1306 3153 συμπορεύσο-

139 3196 202 3255 μαι
224 3163 253 3236 d'
274 3166 348 3256 ἐγώ,
372 3163 511 3259 σῴζουσ)
536 3166 679 3260 ἀδελφῆς
700 3172 755 3257 τῆς
777 3169 855 3253 ἐμῆς
871 3163 987 3251 σεμνὸν
1007 3167 1124 3253 βρέτας
1141 3171 1185 3252 (v.
1199 3171 1306 3256 1488),

141 3285 178 3339 ut
205 3274 240 3338 in
259 3274 386 3338 Helena
409 3272 525 3338 Castor
547 3282 579 3336 et
600 3271 720 3337 Pollux
742 3273 863 3358 σωτῆρε
882 3266 914 3335 δ’
941 3263 1035 3357 ἡμεῖς
1055 3267 1103 3336 σα)
1121 3269 1305 3360 κασιγνήτου

142 3370 254 3441 διπλὼ
277 3369 398 3442 πόντον
416 3371 663 3457 παριππεύοντε
684 3372 863 3458 πέμψομεν
884 3369 1014 3457 πάτραν
1036 3373 1079 3456 (V.
1100 3376 1207 3459 1664).
1241 3373 1307 3439 Sed

141 3499 247 3564 neque
271 3477 305 3541 hi
326 3498 430 3562 neque
453 3475 603 3540 Minerva
624 3473 735 3539 valere
752 3477 927 3560 jusserant,
951 3474 1066 3559 quibus
1083 3499 1118 3541 se
1137 3476 1307 3542 adfuturos

38 3609 42 3617 ’
141 3577 340 3664 pollicentur.
384 3581 531 3664 Apparet
552 3598 631 3642 vero
651 3598 693 3640 ex
715 3576 776 3642 hoo
797 3577 866 3642 loco
896 3575 967 3641 luce
989 3575 1108 3641 clarius
1134 3588 1230 3664 atque
1251 3579 1308 3663 ita,

141 3689 178 3744 ut
199 3701 289 3747 reum
314 3679 518 3745 confitentem
541 3701 599 3743 nos
622 3677 742 3742 habere
765 3679 903 3763 dixeris,
934 3678 1071 3742 eundem
1093 3692 1220 3764 poetam
1242 3702 1307 3746 non

142 3781 284 3867 potuisse
307 3780 367 3846 hoc
390 3780 548 3845 dicentem
570 3779 676 3844 facere
692 3779 884 3867 Minervam,
906 3783 962 3868 qui
977 3803 1047 3846 eam
1062 3780 1176 3846 fecerit
1197 3781 1307 3846 dicen-

142 3895 205 3947 tem
229 3880 287 3946 καὶ
309 3881 447 3967 χαίρετε.
484 3881 669 3967 Displicent
688 3902 816 3967 quoque
838 3904 877 3946 ea
899 3882 1001 3947 verba
1017 3880 1168 3966 Creusae,
1190 3883 1306 3969 quibus

142 3981 322 4048 absolvitur
343 4007 465 4065 versus,
488 3982 545 4048 καὶ
569 3981 712 4071 φιλοῦσά
736 4007 771 4068 χε
792 3979 920 4049 πτόλιν.

229 4101 357 4166 Deinde
386 4123 578 4188 quamquam
602 4099 725 4165 Creusa
753 4111 915 4187 postrema
948 4103 1049 4168 verba
1078 4102 1169 4186 fecit,
1198 4113 1307 4168 tamen

142 4202 294 4268 Minerva
317 4204 432 4267 iterum
457 4202 498 4266 ad
521 4203 649 4286 lenem,
682 4225 777 4288 quem
806 4226 847 4268 ne
870 4204 923 4268 hic
946 4205 1074 4290 quidem
1102 4206 1230 4270 nomine
1252 4200 1306 4292 ap-
