2978 4950
1208 285 1246 349 31

81 453 122 518 In
144 462 288 532 tempore
309 450 409 534 igitur
427 448 518 512 adest
534 447 684 514 Minerva
701 448 821 512 nodum
839 448 989 513 solutura.
1022 450 1106 514 Nam
1120 460 1247 537 praesto

83 553 215 640 quidem
239 559 316 633 erat,
338 551 365 614 si
388 549 519 636 prologo
541 548 622 642 fides
638 558 686 614 est
703 548 860 633 habenda,
876 550 972 616 etiam
988 550 1133 617 oculatus
1148 556 1248 632 testis,

82 677 180 742 quem
200 652 336 718 Plautus
359 654 404 717 ait
425 674 525 716 unum
553 650 655 736 pluris
685 672 755 714 esse
778 651 888 716 decern
911 653 1033 736 auritis,
1057 653 1248 723 Mercurius.

82 757 147 822 Sed
171 756 262 821 illum
284 756 361 820 satis
381 753 511 839 illepide
533 765 645 820 auctor
665 753 791 840 prologi
814 755 881 818 sive
901 755 936 818 in
957 754 1110 840 templum
1131 759 1199 821 sive
1216 758 1249 822 in

80 857 244 923 lauretum
260 855 475 941 delegaverat,
490 867 526 919 ut
541 854 668 920 audiret
687 850 724 921 τὸ
738 853 881 940 κρανθὲν
895 850 1019 934 παιδὸς
1033 855 1113 940 πέρι
1129 861 1172 941 (v.
1183 860 1247 943 77),

34 1001 36 1004 -
79 960 191 1046 ibique
222 979 325 1043 usque
357 958 398 1022 ad
427 956 529 1021 finem
551 955 681 1020 fabulae
703 979 776 1020 eum
797 959 952 1021 mansisse
974 967 1067 1042 putat
1088 958 1248 1024 occultum

84 1067 297 1146 spectatorem
318 1058 355 1126 L.
372 1058 538 1144 Eysertus.
581 1059 715 1123 Praesto
738 1068 807 1123 erat
828 1062 897 1145 ipse
915 1059 1043 1146 Apollo,
1066 1080 1160 1144 quem
1182 1085 1248 1128 non

88 1159 302 1244 Athenienses
325 1159 442 1242 solum,
477 1160 534 1224 sed
566 1182 676 1225 omnes
705 1161 800 1226 Iones
829 1162 1071 1227 venerabantur
1102 1171 1138 1228 ut
1168 1161 1248 1229 θεὸν

82 1264 237 1348 πατρῷον
267 1262 312 1344 (v.
334 1261 416 1326 Plat.
433 1261 585 1349 ,Euthyd
607 1285 636 1347 p.
660 1265 723 1328 362
747 1262 803 1344 D).
848 1261 953 1341 Quem
983 1263 1103 1328 insulse
1133 1273 1164 1329 et
1192 1265 1246 1330 ab·

83 1363 181 1427 surde
201 1363 298 1448 poeta
326 1364 455 1428 videtur
484 1384 639 1429 excusare
662 1364 827 1447 maluisse,
858 1387 954 1450 quam
976 1366 1168 1448 gravissimo
1189 1389 1247 1433 suo

83 1466 262 1529 testimonio
293 1488 361 1530 rem
392 1466 625 1532 discernentem
654 1466 770 1530 facere.
815 1465 928 1550 Neque
958 1489 1035 1531 vero
1057 1469 1166 1553 inepte
1187 1469 1247 1533 Mi-

80 1587 184 1629 nerva
205 1566 379 1647 inducitur,
402 1579 437 1632 ut
459 1590 479 1631 a
501 1567 563 1631 dea
584 1566 731 1652 praeside
747 1567 993 1633 Atheniensium
1016 1580 1121 1632 terrae
1144 1579 1176 1633 et
1192 1593 1247 1635 no-

80 1666 143 1730 dus
171 1666 315 1733 solvatur
342 1680 374 1734 et
403 1669 610 1734 confirmetur
632 1668 742 1733 divina
764 1670 853 1754 origo
875 1672 1015 1735 auctoris
1038 1670 1143 1754 gentis
1165 1671 1246 1734 Ioni-

80 1790 149 1853 cae,
170 1772 361 1855 praesertim
375 1794 448 1836 cum
466 1769 588 1836 Creusa
607 1771 727 1854 Ionem,
749 1782 784 1835 ut
806 1770 867 1835 sibi
890 1773 1010 1855 credat,
1032 1794 1091 1857 per
1112 1773 1248 1836 eandem

78 1871 174 1935 deam
197 1871 356 1938 obtestata
378 1874 419 1936 sit
439 1897 470 1940 v.
496 1874 588 1942 1528.

168 1972 212 2038 Et
234 1977 372 2061 primum
395 1973 525 2061 quidem
548 1974 679 2060 aspectu
701 1973 780 2037 deae
801 1972 910 2057 fugam
933 1985 1134 2058 capessentes
1152 1974 1248 2060 jubet
1276 2011 1280 2017 ·

77 2097 221 2158 manere,
243 2078 379 2140 amicum
402 2075 514 2141 adesse
536 2096 664 2140 numen.

246 2225 293 2315 μὴ
315 2220 456 2313 φεύγετ’·
483 2223 519 2293 ού
543 2222 604 2312 γὰρ
626 2225 790 2308 πολεμίαν
811 2235 852 2308 με
875 2219 1015 2312 φεύγετε,
1120 2230 1203 2293 1553

248 2320 323 2394 οἰλλ>
349 2325 383 2394 ἔν
404 2321 433 2393 n'
459 2321 619 2416 Ἀθήναις
641 2321 786 2393 κάνθάδ’
812 2316 912 2394 οὖσαν
934 2320 1057 2414 εύμενῆ.

165 2483 204 2546 Ιιι
227 2480 343 2566 quibus
360 2480 515 2567 Elmsleyi
537 2482 723 2567 conjectura
738 2480 792 2563 (ad
803 2480 872 2566 Iph.
886 2480 958 2545 Aul.
976 2505 1006 2549 v.
1019 2483 1074 2565 99)
1091 2477 1247 2565 λεύσσετε,

84 2603 178 2667 quam
200 2582 368 2647 Nauckius
395 2585 531 2668 recepit,
559 2604 624 2647 non
655 2604 734 2669 opus
763 2605 850 2666 esse,
880 2582 1074 2648 Kirchhoffii
1097 2578 1246 2670 ε’φεύρειε

80 2706 145 2748 non
178 2693 288 2770 aptum
320 2685 375 2748 alii
409 2685 605 2767 docuerunt,
641 2694 677 2748 ut
708 2682 848 2748 Kvidala
881 2686 914 2747 in
947 2684 1033 2751 Ann.
1068 2683 1182 2750 Philol.
1216 2709 1245 2753 a.

80 2783 331 2850 MDCCCLXV
363 2810 394 2872 p.
415 2789 486 2855 329.
538 2786 666 2850 Deinde
699 2786 741 2849 ad
774 2808 869 2850 unam
900 2783 1057 2849 Creusam
1090 2809 1247 2852 conversa

79 2884 163 2951 haec
186 2886 276 2952 dicit:

247 3036 418 3122 ἐπώνυμος
441 3039 478 3105 δὲ
498 3041 555 3126 σῆς
577 3034 745 3127 ἀφικόμην
767 3031 896 3118 χθονός,
1120 3040 1202 3104 1555

246 3138 399 3223 Παλλάς,
421 3137 532 3229 δρόμῳ
554 3131 715 3205 <unedone³
734 3134 945 3215 Ἀπόλλωνος
967 3135 1069 3223 πάρα,

82 3293 167 3376 quod
187 3294 372 3381 explicatur
393 3320 424 3361 v.
442 3295 534 3360 1570.
581 3293 687 3360 Curru
710 3295 794 3357 enim
817 3313 851 3355 se
874 3289 1043 3356 advectam
1066 3313 1134 3356 esse
1158 3293 1245 3377 dicit,

79 3394 164 3459 sicut
192 3397 227 3461 in
256 3396 365 3462 fabula
396 3395 524 3461 Helena
557 3395 761 3460 advehuntur
793 3391 908 3458 Castor
937 3404 968 3458 et
997 3391 1132 3472 Pollux,
1165 3415 1245 3478 quos

75 3517 110 3559 v.
127 3498 210 3562 1495
234 3497 350 3565 chorus
372 3500 503 3562 invocat
523 3494 658 3580 μόλοιτέ
680 3487 764 3562 ποθ’
790 3495 914 3560 ἵππιον
937 3488 1025 3578 ὅρμα
1048 3489 1087 3559 dt'
1109 3489 1246 3580 αἰθέρος

77 3593 202 3680 ἱέμενοι
234 3602 278 3682 (v.
302 3625 333 3668 v.
358 3600 465 3683 1665).
509 3600 562 3663 De
592 3599 706 3662 ceteris
734 3609 842 3662 autem
864 3597 925 3661 diis
955 3599 1010 3684 qni
1032 3596 1183 3662 dicuntur
1206 3619 1246 3662 ex

75 3698 227 3765 machina
257 3701 429 3788 Euripides
461 3699 541 3765 nihil
574 3700 667 3783 dicit,
699 3713 925 3785 praeterquam
959 3699 1045 3785 quod
1075 3698 1245 3764 nonnullos

76 3824 138 3887 per
171 3825 248 3867 aera
270 3804 424 3868 advenire
454 3805 648 3867 mentionem
678 3803 764 3867 facit.
809 3801 886 3866 Vid.
908 3800 1066 3868 Androm.
1095 3825 1124 3866 v.
1150 3804 1243 3868 1228.

74 3901 128 3966 ΕΙ.
151 3927 182 3968 v.
206 3907 289 3971 1233
319 3929 421 3992 usque
451 3906 492 3969 ad
517 3907 617 3987 1235,
648 3905 828 3990 comparari
857 3906 952 3967 etiam
980 3912 1085 3988 potest
1112 3903 1243 3967 Insania

73 4007 110 4069 in
140 4006 239 4074 Here.
269 4009 330 4074 fur.
361 4031 390 4070 v.
423 4009 485 4072 880
519 4017 550 4071 et
578 4008 728 4072 Minerva
760 4004 958 4092 Aeschyleo,
991 4006 1018 4068 si
1052 4005 1181 4090 quidem
1209 4007 1242 4069 in

73 4106 169 4173 Eum.
193 4133 224 4176 v.
247 4112 307 4175 401
340 4108 433 4174 lectio
457 4102 585 4188 πώλοις
614 4132 693 4174 vera
723 4117 779 4177 est.
824 4109 933 4195 Atque
955 4106 1084 4194 σπονδῇ
1114 4106 1242 4191 quidem

73 4208 164 4275 haud
186 4234 260 4276 raro
284 4212 457 4300 Euripides
486 4211 561 4276 facit
586 4213 731 4276 homines
753 4212 787 4275 in
810 4231 958 4274 scaenam
980 4207 1185 4294 prodeuntes,
1207 4221 1243 4275 ut

72 4312 205 4377 Peleum
239 4324 269 4379 et
300 4315 448 4380 Orestem
480 4315 515 4378 in
548 4314 650 4381 Andr.
684 4336 714 4378 v.
739 4314 802 4377 546
836 4321 867 4375 et
896 4312 967 4394 880,
1001 4308 1181 4374 Pentheum
1208 4313 1242 4375 in
