2978 4950
159 271 178 334 8

161 438 307 526 στέργειν
332 439 369 502 δὲ
390 442 518 520 μοῖραν.
565 437 688 503 Eodem
711 438 806 504 modo
829 437 884 503 ἐάν
907 449 1081 525 usurpatur
1104 461 1129 504 e.
1154 463 1178 504 ο.
1200 443 1235 505 in
1255 441 1332 528 lph.

162 542 200 605 T.
225 565 256 604 v.
280 541 344 604 489
367 549 463 626 atque
486 541 519 604 in
542 539 745 627 Melanippae
769 541 897 605 vinctae
923 540 1035 624 fragm.
1054 543 1127 623 494,
1150 543 1204 607 ubi
1228 543 1333 628 vulgo

160 644 278 727 legitur
301 629 327 727 ᾧ
352 639 412 724 γὰρ
434 639 511 707 θεοὶ
536 641 652 706 διδῶσι
685 637 729 730 μίγ
762 645 860 731 emar
884 641 996 719 τέκνα,
1029 638 1065 708 οδ
1094 637 1154 730 χρὴ
1179 641 1332 728 ἐγκαλεῖ-

163 747 247 807 σθαι
272 740 357 824 πρὸς
378 739 416 808 τὸ
439 747 543 820 θεῖον,
568 734 640 807 ἀλλ’
669 741 740 824 έάν,
772 743 828 807 εεδ
854 746 886 806 in
909 741 1001 806 libris
1024 746 1176 830 scriptum
1200 756 1249 809 est
1271 759 1332 811 aut

160 841 219 933 χρὴ
248 845 404 910 τλεῖσθαι
428 858 483 908 aut
504 840 564 932 χρὴ
589 845 755 927 γλεῖσδαι.
806 845 957 909 Fortasse
987 844 1158 929 legendum
1189 837 1226 911 οὗ
1249 844 1330 932 χρὴ

161 939 438 1023 ἀντιτείνειν,
467 955 502 1009 ut
530 948 562 1009 in
586 945 684 1011 Herc.
707 947 727 1011 f.
751 971 781 1014 v.
804 948 866 1011 283
896 949 942 1032 τῷ
965 939 995 1010 δ’
1023 943 1191 1034 ἀναγκαίῳ
1213 944 1331 1035 τρόπῳ

160 1038 196 1127 (ὃς
217 1041 398 1124 ἀντιτείνει,
422 1043 538 1112 σκαιὸν
561 1040 702 1136 ἡγοῦμαι
725 1050 859 1133 βροτῶν,
887 1049 927 1112 de
947 1071 1009 1134 qua
1026 1051 1163 1134 synizesi
1181 1050 1270 1115 conf.
1292 1053 1330 1115 in

161 1151 276 1236 fragm.
301 1153 364 1216 656
396 1141 478 1236 όμή
501 1145 685 1214 ἀντιτείνων
713 1153 784 1228 τοῖς
809 1147 919 1233 λόγοις
950 1146 1144 1239 σοφώτερος.
1194 1152 1234 1216 Ιο
1262 1152 1330 1217 fine

159 1252 304 1336 ejusdem
327 1252 481 1317 orationis
504 1251 548 1334 (v.
573 1253 648 1334 398)
677 1250 799 1315 Creusa
821 1254 966 1336 queritur
988 1254 1027 1318 de
1051 1252 1233 1319 conditione
1256 1276 1328 1318 mu·

159 1353 290 1418 lienum:
328 1350 389 1418 κάν
420 1357 493 1432 ταῖς
526 1356 682 1418 κακαῖσιν
728 1345 855 1436 άγαίλαί
896 1354 1091 1439 μεμιγμέναι
1131 1350 1328 1438 μισούμεθ’.

162 1455 281 1519 Similis
304 1465 351 1522 eat
372 1455 459 1519 loeus
482 1458 514 1518 in
538 1455 681 1541 ejusdem
706 1454 910 1541 Melanippen
933 1456 1046 1541 fragm.
1070 1458 1149 1521 496:

326 1574 478 1667 όίλγιστόν
501 1583 570 1646 ἐστι
592 1583 678 1669 θῆλυ
701 1584 846 1667 μισιγθέν
869 1586 973 1666 γένος·

326 1685 361 1749 οιί
386 1680 446 1768 γάρ
470 1683 650 1770 σφαλεῖσαι
674 1689 784 1749 ταῖσιν
807 1678 864 1750 οίκ
888 1681 1109 1773 ίσιγαλμέναις

326 1778 442 1866 αἶσχος
464 1784 590 1869 γυναιξί
616 1785 672 1851 καί
695 1786 901 1852 κεκοίνωνται
928 1781 1033 1871 ψόγον

326 1890 401 1964 ταῖς
424 1880 461 1951 οὗ
481 1889 639 1951 κακαῖσιν
662 1886 696 1950 αἱ
721 1886 838 1951 κακαί·
860 1885 901 1952 τά
924 1880 954 1952 δ’
979 1884 1026 1966 εἷς
1048 1888 1170 1973 γάμους

327 1982 421 2053 οὐδὲν
444 1989 597 2053 δοκοῖσιν
616 1979 706 2069 όγιές
729 1980 886 2070 ἀνδράσιν
909 1995 1049 2075 φρονεῖν,

159 2115 214 2178 ubi
237 2116 263 2178 si
286 2117 489 2201 reputaveris
512 2124 640 2200 poetam
662 2114 831 2180 manifesto
861 2118 968 2182 dicere
998 2117 1096 2202 velle,
1125 2142 1189 2183 non
1220 2119 1324 2184 solum

158 2237 276 2299 pravae
299 2216 466 2299 mulieres,
498 2217 554 2281 sed
576 2239 701 2299 omnen,
724 2218 819 2280 etiarn
845 2240 926 2303 quae
957 2219 1050 2284 bonis
1080 2221 1144 2285 sint
1171 2221 1325 2304 mambae,

159 2317 247 2395 viria,
272 2318 357 2401 qued
382 2317 424 2382 ad
446 2319 684 2381 matrimonium
707 2320 850 2402 attineat,
874 2322 978 2385 videri
1002 2344 1063 2385 nen
1089 2334 1179 2407 aptas
1203 2320 1323 2404 (efiOr.

158 2442 189 2482 v.
211 2419 297 2501 590),
321 2418 447 2484 videbis
467 2419 585 2483 lineola
607 2442 672 2483 una
695 2420 805 2484 addita
827 2420 998 2507 legendum
1021 2445 1090 2487 esse

555 2536 626 2603 ταί
649 2533 681 2602 δ’
716 2537 764 2614 είς
787 2533 918 2622 γάμους.

245 2655 414 2722 Contraria
438 2656 532 2722 modo
556 2656 638 2722 effici
661 2667 783 2743 potest,
812 2669 848 2722 ut
879 2659 975 2744 plana
1008 2661 1049 2722 sit
1071 2659 1173 2722 eratin
1200 2669 1231 2722 et
1251 2681 1323 2744 per-

158 2759 269 2843 spicua
291 2760 325 2823 in
347 2761 528 2845 fragmento
552 2764 629 2826 501:

323 2880 429 2971 μάτην
451 2878 504 2969 ἀρ’
532 2883 580 2964 είς
603 2892 757 2970 γυναῖκας
779 2884 815 2966 ἐξ
838 2881 962 2971 ἀνδρῶν
985 2882 1091 2970 ψόγος

322 2982 456 3072 ψάλλει,
480 2984 570 3054 κενόν
591 2986 740 3071 τόξευμα,
765 2987 820 3053 καί
845 2991 954 3067 κακῶς
977 2987 1080 3071 λέγει·

325 3087 359 3153 αί
384 3082 416 3154 δ’
442 3085 507 3156 εῖσ)
534 3085 685 3172 ἀμείνους
704 3086 856 3176 άρσένιυν,
879 3086 942 3174 έγιὺ
965 3089 1060 3174 λέγω.

159 3214 362 3301 Quamquam
378 3219 462 3281 enim
478 3219 580 3283 verba
602 3242 621 3283 a
644 3217 701 3283 καὶ
724 3240 827 3303 usque
843 3218 884 3281 ad
900 3217 983 3302 λέγω
1007 3227 1081 3281 sunt
1104 3217 1157 3300 qui
1183 3239 1247 3279 non
1266 3239 1323 3302 pu-

157 3305 317 3381 tentasse
340 3320 496 3403 genuina,
526 3328 632 3383 tamen
656 3321 760 3383 minus
784 3327 878 3384 erunt
903 3319 1077 3405 suspicioni
1107 3317 1262 3395 obnoxia,
1296 3320 1323 3381 si

158 3419 272 3504 legeris

323 3514 345 3587 ἀ
368 3517 399 3587 δ’
426 3515 491 3588 εῖσ’
511 3516 664 3605 ἀμείνους
686 3515 837 3605 ἀρσένων,
862 3517 925 3606 έγιὺ
947 3520 1040 3605 λέγω,

159 3637 209 3701 vel
233 3635 297 3723 ε’γιδ
320 3637 447 3726 φράσω.

243 3739 334 3805 Duos
363 3766 405 3806 ex
432 3742 544 3806 eadem
571 3741 758 3829 Melanippa
796 3742 883 3808 locos
912 3741 1038 3806 addam.
1090 3741 1323 3824 Fragmentum

159 3842 242 3904 enim
267 3847 329 3908 514
352 3843 413 3908 hoe
434 3843 530 3908 modo
553 3846 733 3930 putaverim
755 3844 927 3928 legendum
951 3865 1034 3906 esse:

362 3993 426 4082 έγιὺ
448 3996 508 4078 μὲν
530 3984 585 4061 οὖν
608 3993 665 4063 οὐκ
689 3989 755 4062 οἷδ’
783 3991 846 4082 ότιμ
862 3999 1001 4061 σκοπεῖν
1023 3991 1125 4077 χρεων

360 4095 417 4187 τὴν
437 4095 616 4181 εὐγένειαν·
640 4094 715 4177 τοὺς
738 4095 797 4182 γάρ
822 4090 988 4180 ἀνδρείοις
1011 4092 1109 4182 φάσιν

362 4201 419 4265 καὶ
442 4196 517 4277 τούς
539 4197 688 4278 δικαίους
710 4193 948 4283 εὐγενεστέρους
970 4197 1063 4282 λέγιο,

361 4294 422 4366 κάν
445 4299 506 4367 ιίισι
531 4302 701 4382 δοῦλοι,
722 4305 786 4366 τῶν
809 4302 908 4366 κενῶν
924 4295 1146 4381 δοξασμάτων,
