2978 4950
1265 261 1307 326 39

146 429 189 493 sis
220 451 350 494 currum
380 451 450 492 eam
477 429 626 511 junxisse
656 438 807 514 apparet,
838 427 871 490 id
905 427 990 512 quod
1023 429 1212 514 Euripidem
1243 453 1307 495 non

147 531 448 617 praetermissurum
471 530 568 593 luisse
589 541 712 593 certum
735 539 791 623 est.
828 529 1041 593 Distinxisset
1058 530 1142 594 enim
1157 531 1309 596 mandata.

146 632 307 718 Apollinis
328 654 348 696 a
370 633 520 696 vaticinio
544 630 629 717 quod
654 631 732 694 dicit
753 631 863 694 divino
888 629 939 694 vel
962 632 1022 704 ita,
1048 640 1085 694 ut
1106 630 1229 695 diceret
1250 629 1309 696 καί

144 736 246 800 ταῦτα
267 731 328 815 μὲν
348 727 390 798 τὰ
406 731 537 814 Λοξίου
559 732 612 798 vel
634 731 689 797 σοί
711 730 771 814 μὲν
789 728 864 795 τόδ’
890 725 967 798 εἶπε
981 730 1122 812 Λοξίας·
1145 728 1310 817 χρησμοὺς

147 828 176 901 δ’
211 832 259 900 ἔτι
286 833 340 898 vel
373 835 435 899 alio
469 835 563 899 modo
597 837 641 917 (v.
665 831 714 895 El.
745 834 896 898 τ.1276.ι
938 832 1008 919 Iph.
1033 834 1131 900 Taur.
1161 858 1192 900 v.
1216 836 1307 902 1442.

147 937 259 1025 Suppl.
281 960 311 1004 v.
338 939 430 1002 1213.
470 935 543 1000 Hel.
566 957 597 999 v.
622 935 728 1016 1662).

233 1040 419 1124 Sequuntur
440 1058 518 1101 vero
541 1036 692 1121 deinceps
714 1057 777 1099 non
798 1036 928 1100 oracula
950 1035 1093 1117 deorum,
1108 1057 1191 1131 quae
1207 1057 1309 1120 usque

145 1165 165 1206 a
196 1167 226 1206 v.
254 1141 337 1206 1575
368 1139 467 1203 refert
500 1138 665 1220 Minerva,
700 1137 756 1202 sed
785 1138 895 1223 jussa3
929 1160 1003 1200 nam
1036 1135 1123 1221 quod
1154 1134 1308 1201 Creusam

145 1243 291 1308 Athenas
312 1239 473 1326 proficisci
498 1238 593 1325 jubet
622 1237 787 1324 filiumque
808 1239 842 1303 in
863 1240 953 1323 regio
975 1237 1055 1302 solio
1085 1236 1248 1320 collocare,
1272 1260 1310 1303 ea

145 1346 217 1430 ipsa
240 1352 288 1407 est
309 1340 441 1405 deorum
461 1341 620 1406 voluntas.
655 1338 784 1420 Quanto
803 1344 908 1426 aptius
924 1354 1031 1406 autem
1047 1341 1147 1406 oratio
1163 1342 1310 1405 instituta

146 1446 241 1510 sitin
265 1443 336 1508 aliis
358 1442 484 1523 fabulis,
505 1442 640 1527 videbis,
665 1445 691 1508 si
712 1444 951 1529 comparaveris
971 1464 1071 1506 unum
1093 1441 1241 1506 Electrae
1264 1441 1309 1506 lo-

147 1571 219 1612 cum
244 1549 288 1630 (v.
313 1545 419 1628 1247),
441 1545 498 1610 ubi
522 1543 635 1609 Castor
665 1555 697 1608 et
718 1545 837 1610 Pollux
859 1544 899 1608 ad
924 1543 1071 1608 Orestem
1093 1544 1241 1608 conversi
1264 1543 1310 1606 di·

147 1659 223 1716 cunt
250 1642 424 1714 τάντεῦθεν
453 1645 491 1712 δὲ
519 1645 578 1731 χρὴ
599 1637 805 1729 πρόσσεινδί
834 1650 937 1729 μοῖρα
959 1639 1039 1723 Ζεός
1060 1637 1089 1709 τ’
1116 1643 1229 1728 ἔκρανε
1251 1645 1310 1710 σοῦ

145 1749 235 1834 πέρι.
278 1742 417 1832 Πυλάδῃ
441 1746 501 1829 μὲν
517 1741 699 1831 Ἠλέκτραν
729 1744 784 1827 δὸς
806 1743 925 1829 όίλοχον
949 1744 996 1826 εἰς
1018 1742 1138 1829 δόμους
1159 1747 1226 1813 κτλ.
1270 1747 1309 1810 ln

145 1851 224 1915 lone
245 1859 352 1914 autem
374 1851 523 1914 Minerva
545 1848 739 1914 haecdicit:
815 1915 816 1919 ,

225 1990 227 1994 ³
313 2004 461 2086 λαβοῦσα
483 1997 575 2068 τόνδε
597 2003 706 2068 παῖδα
729 2001 921 2085 Κεκροπίαν
941 1997 1049 2083 χθόνα
1184 2001 1276 2068 1571'

312 2100 428 2189 palpet„
443 2103 605 2189 Κρέουσα,
629 2099 689 2183 κός
710 2101 850 2187 θρόνους
869 2101 1077 2186 τυραννικοὺς

313 2206 454 2291 ἵδρυσον·
479 2203 516 2271 ἐκ
539 2201 598 2289 γὰρ
620 2209 683 2271 τῶν
700 2200 880 2290 Ἐρεχθέως
903 2203 1002 2290 γεγώς

313 2306 444 2386 δίκαιος
465 2300 576 2391 όίρχειν
597 2300 689 2396 τῆσδ’
717 2304 797 2391 ἐμῆς
820 2299 876 2371 όδε
896 2302 1028 2388 χθονός.

230 2478 342 2544 Xutho
373 2489 480 2542 autem
511 2476 588 2563 quid
616 2478 696 2542 fiat?
731 2477 857 2542 Vivone
887 2478 1051 2542 etiamtum
1081 2499 1156 2562 rege
1186 2475 1310 2541 Creusa

147 2564 422 2646 adulescentulum
438 2581 554 2645 debeat
570 2575 617 2658 είς
631 2575 770 2663 θρόνους
784 2575 990 2661 τυραννικοὺς
1008 2575 1165 2664 ἱδρῦσαι.2
1194 2580 1309 2644 Nonne

147 2685 252 2769 aptius
275 2695 331 2747 aut
352 2691 487 2746 mortem
510 2682 596 2765 regis
618 2704 747 2746 manere
768 2703 838 2745 eam
855 2680 1000 2762 juberet,
1024 2690 1058 2743 ut
1081 2681 1308 2766 Neoptolemus

146 2785 264 2848 mansit
292 2783 382 2847 Pelei
412 2782 528 2865 (Andr.
553 2806 581 2847 v.
604 2784 668 2866 22),
698 2793 754 2847 aut
781 2805 840 2846 sua
871 2792 984 2867 sponte
1006 2780 1153 2847 Xuthum
1173 2805 1309 2867 regnum

146 2885 323 2950 concedere
352 2885 440 2967 Ioni,
468 2894 503 2948 ut
525 2882 663 2949 Cadmus
686 2883 830 2947 Pentheo
861 2883 992 2965 (Bacch.
1015 2909 1045 2951 v.
1069 2885 1150 2968 43)?
1194 2884 1309 2949 Nonne

146 2989 251 3074 aptius
273 2986 424 3050 Minerva
446 2986 568 3050 diceret
590 2982 725 3067 δόμους,
752 2985 835 3049 sicut
858 2984 980 3049 Creusa
1003 2987 1046 3067 (v.
1072 2987 1166 3067 1540)
1189 2979 1309 3070 είεργε-

144 3092 208 3154 τῶν
230 3111 266 3154 σε
288 3085 421 3167 Λοξίας
450 3085 497 3166 είς
526 3081 637 3176 chyam}
667 3081 767 3168 δόμον
796 3084 956 3166 καθίζει.2
1000 3088 1045 3150 At
1067 3098 1162 3172 poeta
1184 3088 1308 3151 omissis

147 3214 228 3276 quae
251 3191 355 3254 minus
378 3188 529 3251 videntur
552 3190 680 3273 gravia,
706 3190 767 3253 hoo
789 3210 887 3252 unum
910 3189 985 3272 agit,
1006 3199 1041 3252 ut
1063 3187 1103 3252 de
1127 3187 1238 3254 divina
1258 3187 1307 3252 Ιο-

145 3295 194 3358 nis
224 3303 321 3375 atque
351 3292 494 3374 ipsorum
525 3292 648 3374 origine
679 3299 875 3376 spectatores
898 3290 1078 3355 admoneat.
1122 3289 1246 3353 Eadem
1269 3290 1309 3354 de

145 3417 241 3459 causa
266 3393 318 3477 fit,
347 3407 383 3456 ut
413 3390 490 3475 quid
515 3394 620 3454 statim
642 3391 824 3455 faciendum
847 3394 904 3472 sit,
935 3390 1071 3455 hicnon
1098 3390 1308 3478 praescribat,
1376 3466 1379 3471 ρ
1433 3447 1437 3453 .

144 3495 201 3559 sed
234 3494 385 3558 addenda
420 3491 593 3558 videantur
631 3495 663 3556 in
698 3491 761 3557 fine
798 3494 950 3556 orationis
986 3491 1095 3577 aliqua
1125 3507 1307 3579 praecepta,

146 3618 338 3684 quamquam
371 3616 436 3660 non
468 3595 562 3658 nimis
596 3605 681 3681 apta.
728 3593 879 3659 Ceterum
911 3596 944 3658 in
977 3619 1008 3663 v.
1032 3596 1124 3677 1574,
1158 3595 1244 3679 quod
1274 3596 1308 3656 in

144 3710 280 3783 utroque
307 3708 355 3761 est
384 3695 467 3760 libro
499 3696 612 3783 τῆσδε,
640 3697 702 3761 nisi
733 3697 819 3783 quod
847 3697 881 3759 in
911 3695 1011 3760 altero
1035 3696 1308 3781 suprascriptum
1361 3776 1363 3781 Ι

145 3814 193 3866 est
222 3795 266 3883 γ’,
295 3799 329 3863 id
359 3821 432 3863 cum
460 3819 577 3862 scaena
606 3799 646 3861 sit
666 3797 812 3884 Delphis,
841 3820 906 3862 non
937 3796 1088 3880 Athenis,
1118 3796 1307 3880 Lentingius

145 3902 199 3985 (ad
221 3901 297 3965 Med
321 3901 396 3983 706)
420 3908 506 3963 recte
528 3900 665 3963 mutavit
686 3901 742 3986 τῆς
765 3898 970 3963 restituendo.

231 4000 383 4128 Sequitur
406 4039 426 4080 a
447 4041 477 4081 v.
501 4019 582 4082 1575
605 4017 767 4103 usquead
790 4040 818 4082 v.
843 4019 927 4082 1594
945 4019 1049 4103 ipsum
1072 4015 1266 4080 vaticinium.

298 4182 392 4252 ἔσται
415 4178 447 4252 δ)
474 4179 525 4252 ἀν’
547 4179 676 4263 Ἑλλάδ’
703 4178 840 4272 εὐκλεής·
868 4185 900 4251 οἱ
923 4186 1018 4250 τοῦδε
1041 4184 1100 4270 γὰρ
1181 4187 1264 4250 1575

296 4290 417 4368 παῖδες
439 4285 603 4373 γενόμενοι
624 4290 779 4372 τέσσαρες
800 4286 890 4372 ῥίζης
910 4290 990 4368 μιᾶς
