2978 4950
1293 306 1423 370 17»

169 493 217 548 ea,
242 491 325 556 quae
347 472 380 534 in
400 471 492 536 libris
512 484 587 536 sunt
604 469 733 554 tradita,
750 472 992 557 corruptissima
1006 471 1166 538 videntur.
1199 473 1333 538 Initium

169 572 255 636 enim
289 594 415 636 errores
448 571 651 636 librariorum
687 573 818 657 capiunt
843 574 913 658 jam
942 597 962 638 a
991 597 1021 639 v.
1054 575 1132 656 762,
1165 573 1221 638 ubi
1253 575 1332 641 falso

168 674 368 759 seripserunt
396 669 484 739 τάδε.
528 674 568 738 Ια
590 697 621 741 v.
642 695 721 737 vero
745 674 807 738 763
836 674 916 739 adeo
940 676 1167 756 dormitarunt,
1196 687 1232 741 ut
1255 679 1333 740 scri-

168 775 284 841 berent
309 763 335 837 ὦ
357 769 488 840 τάλαιν’
516 769 588 860 ἔχω’·
613 768 684 840 εἴπ’
719 774 813 858 (alter
836 779 974 842 correxit
996 768 1094 864 εἴφ’),
1125 769 1171 854 ὥς
1193 772 1278 859 ἔχεις
1299 801 1353 864 γε·
1388 854 1390 857 ,

167 871 341 966 συμφοράν
362 877 421 941 τιν’
446 874 492 956 εἰς
515 875 582 959 ἐμὲ,
604 879 784 963 συμφορᾶς,
807 877 929 942 scilieet
950 881 1086 966 repetito
1100 891 1174 965 post
1188 875 1252 963 ἔχω’
1267 892 1333 945 toto

167 1002 266 1044 versu
289 980 362 1044 759.
405 981 444 1045 In
466 1004 496 1045 v.
522 981 584 1045 764
605 977 703 1043 iidem
726 979 926 1064 scripserunt
949 976 1077 1064 ἐλαβεν,
1100 977 1232 1046 ἔπαθον
1255 976 1334 1062 άχσς

167 1079 291 1166 βίοτον,
321 1067 477 1168 ὦφίλαι,
505 1103 563 1166 pro
593 1071 698 1164 άβιον,
729 1080 815 1166 quod
836 1103 856 1144 a
877 1081 918 1147 G.
942 1083 1129 1146 Hermanno
1151 1084 1333 1148 restitutum

168 1194 226 1248 est
271 1183 363 1264 Quae
393 1204 465 1246 eum
495 1185 540 1247 ita
568 1183 648 1264 sint,
678 1184 705 1245 si
734 1181 833 1273 pihilo
860 1185 965 1248 minus
991 1194 1119 1270 poetam
1143 1185 1212 1248 veri
1233 1183 1334 1249 simile

168 1296 217 1350 est
237 1284 299 1349 hae
321 1305 448 1369 quoque
469 1285 503 1347 in
526 1294 617 1370 parte
638 1283 897 1368 aequabilitatem
918 1308 988 1349 esse
1011 1296 1170 1359 secutum,
1196 1287 1333 1351 audacia

169 1386 326 1472 quaedam
357 1383 591 1449 condonabitur
622 1386 656 1448 in
689 1386 891 1451 restituendis
923 1387 1031 1452 verbis
1064 1390 1143 1472 ejus.
1194 1388 1333 1453 Videtur

168 1499 276 1553 autem
305 1508 407 1570 paene
438 1496 576 1569 eertum,
604 1481 656 1549 hic
684 1507 825 1573 quoque,
855 1499 891 1554 ut
918 1491 952 1553 iu
982 1512 1123 1575 eaquae
1152 1491 1333 1575 insequitur
1376 1536 1378 1540 ι

165 1600 270 1675 parte,
288 1587 416 1674 jambos
437 1611 506 1653 esse
528 1588 716 1674 paedagogi,
738 1599 841 1654 metra
863 1589 905 1654 ad
928 1592 1079 1674 majorem
1099 1593 1198 1654 animi
1212 1602 1332 1656 motum

167 1689 416 1756 describendum
449 1701 525 1774 apta
555 1689 704 1755 Creusae.
747 1691 862 1777 Itaque
895 1715 959 1756 non
993 1691 1224 1775 dubitaverim,
1255 1695 1332 1779 quin

164 1791 221 1856 ille
244 1794 345 1877 egerit
366 1817 397 1857 v.
422 1794 483 1857 763
506 1783 600 1876 ὤμοι,
624 1790 773 1877 θάνοιμι,
795 1787 939 1877 θύγατερ
961 1806 993 1856 et
1015 1795 1077 1859 765
1101 1789 1331 1878 διοιχόμεσθα,

163 1895 287 1960 τέκνον.
338 1893 466 1958 Deinde
499 1895 768 1978 quemadmodum
798 1896 867 1959 veri
899 1894 1001 1959 simile
1032 1907 1095 1978 est,
1128 1894 1284 1961 Creusam
1313 1919 1333 1961 a

166 2005 283 2081 questu
312 1996 481 2081 incepisse,
511 2016 575 2059 non
605 2018 625 2059 a
653 1996 762 2062 verbis
786 1984 811 2062 ὦ
833 1989 961 2062 τάλαιν’
988 1993 1051 2081 ἐγώ
1074 2002 1257 2081 συμφορᾶς,
1287 2001 1332 2064 ita

164 2121 231 2163 non
254 2097 385 2163 videtur
408 2100 563 2165 absonum
586 2113 711 2186 putare,
733 2098 915 2164 doohmium
936 2099 1023 2163 hunc
1043 2099 1119 2164 satis
1135 2096 1187 2162 hio
1202 2100 1332 2182 quidem

165 2200 320 2284 frigidum
343 2200 499 2286 originem
529 2201 647 2267 debere
674 2200 756 2266 male
783 2203 918 2287 repetito
954 2223 1047 2287 quem
1071 2202 1332 2286 supradiximus

166 2301 303 2366 senario.
349 2302 384 2366 Si
414 2312 521 2368 autem
552 2304 639 2388 quod
674 2303 770 2389 vulgo
802 2301 920 2386 legitur
952 2304 1128 2386 genuinum
1157 2303 1331 2387 videretur,

168 2404 269 2466 omnis
299 2401 465 2468 tolleretur
494 2404 712 2488 aequabilitas.
758 2404 872 2490 Itaque
894 2427 958 2468 non
980 2406 1074 2468 nimis
1094 2402 1189 2488 longe
1211 2427 1231 2469 a
1252 2426 1331 2469 vero

164 2525 216 2567 me
238 2504 392 2569 aberrare
415 2508 597 2591 putaverim
619 2517 866 2593 proponentem:

289 2643 394 2704 ΠΑΙ.
440 2629 535 2720 ὦμοι,
558 2635 708 2725 θάνοιμι,
730 2635 882 2726 θύγατερ.
983 2661 986 2670 ·
1226 2641 1287 2705 763

324 2736 392 2808 ΚΡ.
438 2737 533 2805 αἰαῖ
564 2738 670 2806 αἰαῖ·
813 2751 818 2760 ’

437 2837 615 2926 τάλαιν’,
638 2832 663 2908 ιδ
686 2835 826 2908 τάλαιν’·
852 2841 979 2927 ἔλαβον,
1001 2839 1134 2909 ἔπαθον
1157 2834 1236 2924 άχος

436 2935 543 3028 άμλιον,
567 2933 593 3009 ui
616 2943 724 3030 φίλαι.

163 3079 290 3160 Quibus
313 3080 511 3166 respondent
532 3080 621 3162 haec,
644 3090 679 3145 ut
704 3083 737 3144 in
759 3080 850 3145 libris
871 3081 991 3165 scripta
1013 3089 1102 3144 sunt:

286 3220 392 3280 HAI.
439 3213 669 3299 διοιχόμεσθα,
688 3214 808 3281 τέκνον.
884 3231 886 3236 ’
1224 3216 1285 3280 765

324 3320 392 3384 ΚΡ.
437 3312 512 3382 αἰαῖ
535 3313 619 3383 αἰαῖ·

438 3420 604 3498 διανταῖος
626 3415 743 3485 ἔτυπεν
766 3411 865 3486 ὀδύνα
886 3441 927 3502 με
948 3442 1043 3483 πνεο-

435 3515 542 3604 μόνων
562 3516 662 3586 τῶνδ)
690 3516 764 3586 ἔσω.

250 3656 454 3744 Quamquam
483 3670 591 3721 utrum
613 3655 803 3742 Euripidem
832 3657 1001 3721 credamus
1030 3657 1184 3720 aoristum
1211 3651 1328 3722 ἔταττεν

164 3782 337 3846 usurpasse
366 3782 476 3843 necne,
509 3757 733 3822 difficillimum
763 3771 812 3824 est
841 3758 1030 3844 dijudicatu.
1074 3754 1171 3835 Quod
1200 3759 1227 3821 si
1257 3763 1328 3845 quis

164 3863 339 3945 negaverit,
361 3862 497 3925 fortasse
519 3861 674 3925 concedet
695 3870 823 3946 poetam
845 3859 987 3924 seribere
1010 3861 1152 3944 potuisse

436 3991 624 4062 duarzui'
652 3993 841 4081 ἔτυπτεν,

159 4145 196 4197 ut
217 4131 303 4196 enim
325 4132 359 4194 in
381 4131 437 4198 Or.
466 4155 495 4196 v.
518 4134 581 4198 263
609 4132 688 4197 dicit
708 4133 819 4218 πηδᾶν
842 4133 982 4219 δσστεχῆ
1004 4130 1191 4220 πηδήματα,
1213 4136 1269 4199 sed
1293 4139 1326 4202 in

158 4232 228 4300 Ion.
254 4258 283 4298 v.
298 4233 359 4298 717
383 4231 534 4322 λαιψηρά
556 4236 660 4322 πηδᾷ,
683 4238 728 4299 ita
748 4237 780 4299 in
797 4236 901 4300 Andr.
924 4235 1031 4299 v.844
1054 4225 1188 4298 άνταίαν
1211 4234 1326 4320 ἐρεῖσαι

158 4331 302 4420 πλαχάν,
325 4336 378 4400 hie
401 4338 555 4403 διανταῖα
576 4331 710 4404 τάπτειν
730 4338 837 4402 dioere
860 4338 971 4422 potuit.

1120 4437 1136 4490 2
