2978 4950
201 269 242 333 14

285 437 368 500 Nam
390 446 459 501 tum
481 438 619 521 demum,
641 461 715 502 cum
737 438 777 502 de
799 446 901 502 matre
922 458 1049 522 quoque
1064 437 1182 501 certior
1197 439 1238 501 sit
1253 437 1369 521 factus,

199 539 297 603 fidem
327 562 360 603 se
394 539 525 604 oraculo
555 540 739 604 habiturum
769 540 857 606 dicit.
899 538 1014 622 Itaque
1044 547 1150 624 patet,
1178 561 1242 603 non
1272 562 1368 625 posse

201 640 334 706 chorum
366 642 583 725 interrogare,
616 640 701 704 unde
734 641 860 705 venerit
888 640 948 703 ion
980 660 1085 724 neque
1118 640 1204 705 unde
1236 651 1368 706 exortus

200 743 306 805 sit-
329 742 390 806 hoc
422 743 506 805 enim
535 753 619 806 esset
641 735 746 828 ἐφάνη
772 780 820 826 —,
850 740 907 805 sed
929 763 993 826 qua
1016 741 1056 804 de
1077 753 1179 805 matre
1201 742 1242 805 sit
1264 753 1369 825 natus,

199 843 234 906 id
256 844 341 929 quod
370 844 410 906 iis
433 865 575 927 quoque,
598 865 681 928 quac
702 845 926 928 insequuntur,
954 841 1063 907 verbis
1093 843 1253 926 γυναικῶν
1280 840 1371 920 τίνος

24 928 29 940 ⁴
104 1007 107 1011 ,
201 945 446 1028 demonstratur,
480 966 561 1029 quae
596 945 637 1009 ad
671 943 866 1009 vocabulum
895 938 1005 1010 πόθεν
1035 941 1260 1008 illustrandum
1295 957 1371 1009 sunt

201 1046 322 1112 addita.
368 1045 436 1110 Vix
458 1057 566 1110 autem
588 1068 741 1131 graecum
765 1055 813 1110 est
833 1042 929 1131 ἐξέβη
952 1039 1112 1129 γυναικός,
1134 1047 1229 1110 unice
1252 1046 1371 1111 dicitur

202 1144 328 1236 ἐξέφυ
358 1148 403 1231 (v.
427 1171 457 1212 v.
489 1147 571 1212 1477
601 1146 738 1233 πέφυκα
767 1146 918 1232 δυσγενὴς
945 1149 1045 1234 μῆτέρ
1076 1149 1226 1230 modom).
1272 1146 1369 1226 Quod

201 1247 353 1312 librarius
383 1249 515 1334 quidam
545 1270 724 1332 neograeca
754 1250 1014 1333 pronuntiatione
1043 1271 1074 1312 v.
1099 1246 1194 1333 ἐξέβη
1220 1248 1370 1314 turbatus

201 1350 331 1414 videtur
353 1359 504 1417 mutasse.

289 1450 388 1515 Vario
419 1451 514 1516 modo
545 1449 690 1516 homines
713 1449 830 1515 literati
854 1459 1080 1531 correxerunt,
1107 1471 1217 1514 omnes
1239 1471 1372 1536 corrup-

202 1561 270 1616 tum
289 1552 520 1636 judicaverunt
542 1577 573 1618 v.
598 1553 668 1617 737.
712 1549 907 1616 Collaudans
934 1552 1018 1615 enim
1041 1550 1247 1638 paedagogus
1271 1550 1371 1616 Oreu-

202 1677 271 1718 sam
293 1655 387 1719 dicit:

359 1795 384 1872 oi
406 1801 558 1892 θύγατερ,
582 1798 648 1887 όξι’
673 1801 775 1887 ἀξίων
797 1798 991 1891 γεννητόρων
1223 1806 1285 1870 735

358 1900 426 1997 ἤθη
450 1904 630 1997 φυλάσσεις
652 1905 710 1974 κού
734 1903 964 1989 καταισχύνασ’
987 1902 1072 1988 ἔχεις

357 2006 432 2087 τοὺς
454 2005 530 2087 σοὺς
552 2005 719 2086 παλαιοὺς
742 2007 892 2093 ἐκγόνους
911 2000 1124 2090 αἰτόχθονας.

292 2159 387 2240 Quod
416 2183 475 2247 pro
506 2157 657 2244 ἐκγόνους
679 2163 895 2247 Musgravius
915 2161 1044 2247 scripsit
1066 2157 1216 2245 ἐγγενεῖς,
1239 2184 1375 2227 consan-

204 2263 339 2346 guineos
363 2264 412 2344 (ut
430 2286 461 2326 v.
478 2265 528 2329 63.
553 2261 651 2349 Soph.
675 2265 751 2329 Ant.
773 2289 804 2332 v.
828 2264 918 2346 659),
949 2285 1026 2326 num
1049 2262 1091 2326 ad
1113 2265 1250 2329 maiores
1272 2266 1376 2350 possit

205 2363 329 2446 referri,
352 2362 575 2428 dubitaverim.
615 2362 711 2443 Quod
726 2376 834 2431 autem
850 2365 984 2430 Bothius
1000 2366 1128 2450 putavit
1141 2367 1375 2430 restituendum

205 2466 263 2528 τοῦ
285 2466 345 2529 σοῦ
367 2460 534 2543 παλαιοὺς
555 2462 591 2529 ἐκ
615 2465 725 2549 γένους
747 2476 843 2550 atque
866 2465 1051 2531 Badhamus
1081 2468 1219 2551 recepit,
1249 2468 1284 2531 in
1305 2469 1377 2532 uni·

206 2588 333 2630 versum
356 2565 486 2651 quidem
507 2567 610 2631 videri
633 2578 738 2653 potest
759 2568 829 2631 veri
852 2566 1033 2650 simile,sed
1055 2568 1171 2632 iterum
1194 2569 1377 2653 dicendum,

207 2672 264 2732 vix
287 2690 480 2754 quemquam
509 2669 653 2754 potuisse
681 2691 799 2756 graece
821 2669 929 2733 dicere
950 2671 1087 2733 maiores
1101 2666 1184 2751 ,τοὺς
1207 2666 1244 2734 ἐκ
1266 2668 1379 2752 γένους

207 2767 304 2846 τινός.
341 2770 456 2854 Itaque
479 2792 543 2834 non
567 2771 661 2836 video
685 2771 763 2857 quid
785 2769 943 2856 reliquum
967 2771 1091 2834 sitnisi
1113 2779 1149 2834 ut
1171 2773 1377 2837 restituamus

397 2919 471 3001 τοὺς
499 2927 570 3011 γῆς
597 2919 762 3002 παλαιοὺς
784 2917 935 3006 ἐκγόνους
957 2914 1172 3005 αὐτόχθονας.

297 3075 526 3141 Erichthonius
558 3074 612 3140 vel
645 3074 843 3140 Erechtheus
876 3075 995 3140 dicitur
1026 3073 1159 3163 γηγενής
1191 3100 1222 3141 v.
1251 3078 1309 3157 20,
1343 3085 1380 3139 ut

210 3176 297 3262 apud
320 3178 442 3246 Herod.
466 3178 567 3261 VIII,
589 3180 646 3258 553
678 3177 762 3242 conf.
786 3199 816 3240 v.
838 3177 900 3241 267
933 3173 970 3240 ἐκ
992 3181 1049 3264 γῆς
1071 3176 1196 3259 πατρός
1218 3199 1277 3243 σου
1299 3171 1380 3262 πρό·

211 3303 305 3363 γονος
339 3275 495 3361 ἔβλαστεν
527 3277 654 3367 πατήρ,·
690 3302 721 3343 v.
748 3281 832 3344 1000
866 3266 901 3344 dv
934 3283 1065 3361 πρῶτον
1096 3273 1185 3361 ὑμῶν
1217 3272 1381 3364 πρόγονον

212 3378 348 3467 ἐξανῆκε
371 3383 429 3468 γῆς
451 3404 551 3467 quare
574 3380 745 3467 γηγενέτας
767 3375 868 3462 δόμος
889 3402 919 3444 ν.
938 3383 1028 3448 1406.
1067 3380 1187 3445 Omnes
1202 3379 1380 3444 Athenien-

211 3484 295 3546 sium
326 3477 490 3565 ἇρχαγούς
518 3482 562 3565 (v.
586 3483 662 3565 723)
693 3504 710 3545 e
740 3493 828 3546 terra
858 3504 927 3546 esse
958 3481 1060 3546 editos
1082 3480 1253 3546 scholiasta
1280 3483 1382 3548 tradit

212 3583 254 3646 ad
278 3582 345 3650 Cio.
369 3585 449 3650 Sest.
463 3587 515 3651 21.
553 3584 682 3648 Deinde
703 3578 741 3649 τὸ
763 3579 910 3648 παλαιὸν
932 3584 1023 3668 γένος
1040 3575 1223 3669 Ἐρεχθέως
1244 3584 1381 3670 legimus

212 3686 246 3749 in
273 3709 303 3751 v.
326 3687 398 3767 469,
422 3677 633 3771 Ἐριχθονίου
661 3708 696 3769 γε
725 3687 783 3750 eoi
804 3678 914 3749 πόλοι
939 3685 974 3748 in
995 3708 1027 3750 v.
1052 3687 1145 3749 1429.
1191 3685 1315 3766 Quodsi
1339 3687 1382 3750 ad

213 3786 441 3873 explicandum
471 3783 547 3865 τοὺς
576 3790 635 3876 γῆς
664 3783 814 3871 ἐκγόνους
841 3808 930 3850 more
954 3784 1130 3871 Euripideo
1160 3787 1306 3852 additum
1334 3799 1383 3854 cst

213 3882 419 3970 αὐτόχθονας
425 3940 434 3973 ,
461 3892 573 3975 quanti
594 3888 810 3953 Athenienses
831 3887 967 3952 fecerint
989 3886 1076 3952 illam
1100 3887 1244 3974 laudem,
1264 3913 1343 3973 cum
1365 3913 1383 3955 ε

158 4025 161 4033 ·
213 4014 244 4054 v.
267 3991 308 4055 20
339 3999 370 4053 et
392 3991 454 4055 589
483 3990 580 4076 hujus
608 3991 779 4071 dramatis,
811 4001 880 4054 tum
910 4011 952 4053 cx
982 3988 1156 4053 Erechthei
1185 3990 1384 4077 Euripideae

214 4090 329 4176 fragm.
352 4093 448 4174 362st
480 4102 592 4156 notum
621 4102 678 4157 cst.
709 4091 819 4172 ’ουοά
849 4101 955 4156 autem
982 4092 1015 4155 in
1042 4089 1133 4154 libris
1156 4090 1274 4177 legitur
1296 4087 1384 4180 σούς,

214 4192 247 4255 id
270 4215 312 4256 ex
333 4192 469 4257 articulo
491 4189 566 4271 τοὺς
588 4205 692 4258 ortum
716 4216 784 4258 esse
805 4193 995 4279 putaverim.
1025 4191 1117 4259 Conf.
1129 4192 1201 4279 Iph.
1213 4194 1252 4262 A.
1265 4218 1296 4260 v.
1310 4197 1385 4261 505.

300 4295 340 4358 In
362 4295 475 4359 eodem
497 4294 665 4378 colloquio,
688 4296 773 4380 quod
789 4294 920 4377 Creusa,
943 4294 1019 4358 dum
1042 4295 1083 4358 ad
1105 4297 1210 4381 ipsum
1228 4294 1383 4382 templum
