2978 4950
203 285 223 350 6

205 473 248 514 ex
271 473 310 515 ea
331 473 429 536 quam
451 452 592 516 diximus
615 451 754 517 editione
776 453 1039 538 cognoverimus,
1063 454 1096 516 in
1119 451 1201 517 libro
1224 451 1379 517 Palatino

204 554 361 638 scripturn
384 575 452 618 esse
477 545 575 636 οἶδεν,
598 551 772 639 legendum
794 554 924 619 videtur

412 663 523 738 ούδέν·
549 666 740 751 ξύνοιδεν
764 662 911 755 ἀντρον
934 666 1089 758 αἰσχύνην
1110 667 1192 737 τινά.

206 785 246 852 V.
261 787 360 854 Herc.
374 788 396 853 f.
407 813 436 857 v.
448 792 520 867 368,
542 789 689 874 inprimis
709 801 816 854 autem
837 791 951 876 fragm.
969 791 1030 855 697
1048 783 1147 878 Αύγιγ
1171 783 1232 877 γάρ
1256 785 1381 858 Ἆλέοσ

206 892 290 966 παῖς
310 912 352 971 με
371 894 417 977 τῷ
445 890 613 978 Τιρυνθίῳ
635 889 738 955 τίκτει
761 890 933 973 λαθραίως
951 884 1128 975 Ἡρακλεῖ·
1154 886 1274 972 ξύνοιδ’
1299 885 1383 976 ὅρος

205 989 407 1076 Παρθένιον.
457 994 496 1057 In
524 993 612 1057 Ionis
642 1013 769 1078 quoque
799 1017 829 1061 v.
854 994 916 1058 957
947 995 1015 1057 sinc
1045 993 1144 1058 dubio
1173 1006 1269 1080 poeta
1297 994 1378 1060 dicit

205 1115 303 1156 unam
326 1091 531 1159 solitudinem
553 1095 654 1158 fuisse
674 1105 789 1159 testem
810 1097 949 1181 expositi
970 1094 1102 1159 infantis
1125 1091 1175 1177 (τὸ
1197 1091 1384 1161 λανθάνειν

204 1189 328 1278 μόνον).
373 1194 524 1260 Ceterum
547 1218 618 1260 cum
642 1217 684 1258 ex
708 1185 796 1260 οἶδεν
817 1195 937 1260 factum
959 1205 1042 1261 esset
1066 1188 1149 1276 οἷδ’,
1179 1196 1250 1261 fieri
1272 1200 1384 1284 potuit.

208 1307 245 1362 ut
266 1297 412 1361 dativum
435 1297 622 1380 scriberent,
645 1318 740 1382 quem
757 1296 890 1362 fortasse
912 1297 982 1363 loco
1005 1319 1075 1363 esse
1097 1298 1296 1383 designando
1319 1323 1377 1385 pu-

207 1397 331 1464 tabant.
400 1440 404 1444 ‹

294 1499 416 1562 Versus
439 1501 503 1564 324
532 1511 563 1564 et
586 1502 648 1566 325
679 1509 752 1586 post
772 1524 803 1569 v.
827 1502 889 1566 326
920 1511 951 1565 et
980 1501 1041 1565 327
1072 1523 1142 1564 esse
1171 1499 1384 1567 collocandos

209 1602 248 1665 N.
272 1599 465 1666 Wecklinus
487 1603 613 1666 censuit
638 1601 789 1685 (Studien
810 1624 850 1665 zu
866 1601 1049 1687 Euripides.
1072 1600 1377 1667 MDOCOLXXIV

206 1727 236 1790 p.
259 1703 346 1786 338).
403 1701 489 1766 Mihi
520 1703 650 1787 quidem
679 1725 751 1767 cum
782 1703 946 1789 aptissime
974 1725 1105 1768 versum
1133 1706 1196 1769 325
1225 1705 1384 1772 videatur

208 1813 405 1889 excepturus
429 1824 498 1869 esse
520 1829 547 1867 v.
573 1807 650 1884 330,
681 1826 775 1868 suum
798 1803 903 1867 locum
925 1802 971 1868 illi
989 1804 1141 1869 videntur
1163 1804 1283 1870 habere
1304 1816 1386 1893 post.

210 1932 240 1973 V.
265 1906 388 2072 32133.
412 2007 474 2070 362
497 2027 562 2070 non
585 2003 756 2089 legendum
779 2029 848 2071 esse
871 2006 958 2093 quod
983 2010 1017 2072 in
1039 2006 1131 2072 libris
1154 2017 1202 2072 est

412 2125 515 2206 σιγῶ·
538 2126 675 2206 πέραινε
696 2116 730 2187 δ’
757 2111 801 2189 ῶν
823 2119 854 2189 σ’
881 2117 1042 2207 ἀνιστορῶ
1062 2123 1151 2210 πέρι,

209 2252 265 2317 sed
279 2235 323 2317 ῶν
337 2244 366 2334 μ’
385 2241 608 2335 ἀνιστορεῖς
619 2249 698 2333 πέρι
707 2253 741 2314 in
752 2250 834 2316 Nov.
844 2253 930 2315 Ann.
940 2251 1022 2315 Phil.
1032 2250 1385 2336 aMDOOCLXVlII,

208 2377 239 2440 p.
264 2356 328 2419 413
350 2353 515 2439 proposui.
559 2351 651 2415 ldem
673 2352 866 2416 Wecklinus
890 2353 1028 2439 conjecit
1055 2353 1089 2435 (l.
1112 2351 1131 2416 l.
1154 2377 1185 2440 p.
1209 2356 1295 2438 399),
1319 2358 1383 2420 nisi

209 2454 297 2541 quod
319 2475 496 2539 pronomen
519 2453 729 2518 omittendum
750 2457 883 2538 putavit.

296 2556 334 2620 ln
357 2579 387 2618 v.
410 2556 473 2620 379

441 2661 463 2735 hl
487 2669 547 2757 γὰρ
570 2669 631 2760 βίᾳ
655 2669 848 2756 σπεύδωμεν
870 2667 1014 2741 ἀκόντων
1037 2679 1136 2757 θεῶν,

441 2765 562 2838 ἀκοντα
585 2769 795 2860 κεκτήμεσθα
815 2768 952 2861 τάγάθ’,
973 2765 1000 2841 ὦ
1022 2772 1133 2861 γύναι·

440 2865 461 2941 ἀ
484 2867 516 2941 δ’
541 2872 581 2940 ἀν
602 2870 719 2942 διδῶσ>
747 2872 882 2956 ἑκόντες,
906 2870 1135 2965 ὠφελούμεθα,
1164 2925 1173 2933 -
1272 2880 1335 2945 380

212 2995 333 3069 ἀκοντα
366 3003 434 3067 fere
457 3025 567 3067 omnes
597 3002 762 3068 elibrarii
789 3026 899 3069 errore
930 3028 1048 3088 exeo,
1086 3006 1172 3090 quod
1205 3006 1384 3091 praecedit,

152 3115 155 3121 '
210 3101 356 3170 ἀκόντων
393 3115 462 3169 orto
502 3115 660 3192 repetunt.
725 3105 806 3171 Aliis
839 3105 1037 3171 Wakefieldi
1076 3100 1134 3173 ούκ
1177 3099 1270 3190 ὄντα,
1308 3106 1382 3173 aliis

216 3206 256 3270 H.
296 3205 451 3291 Stephani
495 3216 527 3270 et
563 3205 688 3270 Reiskii
727 3200 883 3292 ἀνόνητοι,
927 3208 1014 3291 quod
1051 3231 1124 3273 cum
1159 3200 1384 3296 ὠφελούμεθα

212 3309 315 3393 magis
353 3317 526 3393 congruat,
564 3306 678 3392 placet.
739 3307 982 3393 Speciosissima
1020 3310 1159 3395 denique
1191 3310 1384 3402 Doederlini

212 3411 398 3492 conjectura
427 3402 504 3472 κάκ’
542 3400 619 3473 livua
642 3408 800 3475 delitescit
830 3413 865 3475 in
896 3410 1037 3496 ejusdem
1067 3411 1278 3482 Orationibus
1316 3411 1382 3496 (ed.

211 3507 565 3574 MDOCOXXXXIII
587 3534 618 3596 p.
642 3512 729 3596 396).
769 3511 814 3576 At
837 3534 877 3576 ne
899 3512 983 3577 hanc
1012 3513 1141 3599 quidem
1163 3515 1379 3577 necessariam

213 3634 283 3676 esse
305 3615 495 3696 putaverim.
544 3609 604 3675 Est
624 3614 710 3677 enim
741 3604 862 3678 ἀκοντοι
890 3609 1024 3698 τάγαθά
1054 3637 1132 3680 vere
1160 3613 1380 3700 Euripideum.

216 3710 342 3792 Quodsi
375 3721 449 3776 ante
483 3711 592 3777 oculos
624 3724 739 3799 poetae
778 3715 991 3781 versabantur·
1020 3716 1154 3780 Homeri
1185 3739 1298 3780 versus
1332 3718 1380 3799 (in

211 3813 323 3877 Iliadis
342 3812 361 3879 l.
376 3812 426 3877 111
454 3837 485 3877 v.
501 3815 556 3896 65)
580 3806 619 3880 ού
639 3839 690 3880 τοι
714 3806 880 3902 ἀπόβλητ’
902 3812 973 3881 ἐστὶ
998 3818 1086 3881 θεῶν
1106 3810 1257 3899 ε’ρικύδεα
1279 3817 1380 3899 δῶρα,

213 3909 297 3982 ὅσσοι
321 3938 374 3979 κεν
397 3915 494 3981 αύτοὶ
510 3917 620 3996 δῶσιν,
646 3911 727 3983 isoio
750 3911 782 3983 δ’
801 3913 860 3984 oria
882 3911 922 3983 ἀν
943 3942 995 3995 τις
1018 3915 1136 3999 ἕλοιτο,
1158 3918 1261 3994 vides,
1284 3940 1380 4003 quem

214 4017 256 4081 ad
279 4016 410 4082 modum
431 4017 565 4082 Homeri
588 4021 746 4104 sapientia
769 4043 845 4085 usus
869 4021 910 4086 sit
927 4019 1108 4105 Euripides,
1132 4042 1227 4106 quem
1249 4019 1292 4083 ad
1314 4042 1380 4084 mo·

213 4119 291 4183 dum
309 4115 493 4204 Sophocles.
522 4119 604 4183 Nam
619 4120 672 4184 hic
687 4142 814 4206 quoque
826 4120 915 4185 illum
930 4120 1035 4187 locum
1050 4132 1124 4186 ante
1141 4119 1249 4187 oculos
1267 4119 1381 4185 habuit

213 4222 246 4284 in
276 4220 391 4306 fragm.
416 4223 477 4287 748
509 4217 619 4306 χρὴδ
654 4214 705 4287 h'o'
746 4214 786 4286 ἀν
807 4221 884 4287 θεοὶ
905 4222 1040 4304 διδῶσι,
1071 4216 1202 4311 φεύγειν
1223 4222 1326 4310 μηδὲν
1354 4213 1381 4288 ὦ

211 4346 323 4388 τεκνον
343 4346 436 4391 ποτε.
