2978 4950
1254 274 1295 338 29

127 444 162 506 in
195 442 484 508 observatiunculis
526 443 683 525 metricis,
726 443 957 527 programmati
1001 464 1111 528 gymn.
1150 441 1293 509 Stendal.

128 567 158 612 a.
180 540 397 607 MDCCCLV
414 543 553 627 insertis,
573 565 603 629 p.
621 545 671 608 16.
703 543 793 607 Idem
813 544 978 607 verissime
1000 542 1129 607 videtur
1151 543 1294 607 animad-

129 647 277 727 vertisse,
307 645 475 708 intermitti
504 644 557 708 hic
587 644 863 728 stichomythiam,
893 647 1043 730 quoniam
1072 643 1218 731 longiore
1241 645 1292 709 de·

129 746 305 830 scriptione
327 745 487 809 secundae
507 747 773 811 monimentorum
794 747 896 830 partis
918 768 998 831 opus
1021 766 1090 810 esse
1110 757 1224 831 poetae
1246 749 1293 811 vi·

128 870 199 911 sum
222 848 272 910 sit.
317 844 425 931 Atque
448 846 525 932 quid
549 846 677 911 tandem
696 851 847 928 interest,
876 845 969 910 hicne
991 848 1156 910 omittatur
1177 846 1293 911 sticho·

128 946 254 1034 mythic
276 969 318 1011 an
340 969 369 1015 a.
393 967 550 1031 musque
575 947 682 1013 1532?
726 948 839 1032 Neque
868 968 945 1011 vero
968 947 1071 1011 eidem
1094 970 1222 1032 possum
1244 970 1292 1012 as-

128 1051 258 1132 sentiri,
290 1071 363 1113 cum
391 1072 422 1114 v.
448 1050 539 1130 1427,
566 1050 761 1133 1428,1429
791 1047 903 1112 tribuit
932 1049 987 1111 uni
1011 1047 1160 1113 Creusae.
1210 1049 1293 1113 Nam

127 1153 198 1216 veri
222 1149 354 1215 similius
373 1149 518 1228 videtur,
539 1150 649 1214 Ionem
672 1147 744 1213 illas
767 1171 820 1214 res
842 1149 968 1214 additas
991 1173 1060 1214 esse
1089 1152 1205 1215 infanti
1234 1154 1292 1214 mi·

127 1265 254 1318 rantem
274 1250 478 1336 interpellare
494 1248 658 1334 Creusam,
680 1261 716 1316 ut
731 1251 940 1337 paedagogus
959 1251 1095 1316 eandem
1110 1250 1293 1336 interpellat

126 1356 160 1419 in
183 1378 215 1420 v.
240 1356 338 1430 1012,
373 1358 480 1438 atque
502 1355 718 1437 interrogare,
754 1373 826 1415 cum
858 1351 951 1417 hisne
984 1353 1144 1417 educandi
1173 1354 1293 1420 fuerint

125 1459 240 1544 pueri3‘
267 1454 429 1518 affirmare
457 1466 563 1519 autem
593 1453 680 1516 illam
710 1452 771 1517 hcc
800 1455 932 1538 ejusque
961 1455 1007 1518 rei
1036 1478 1134 1520 cause
1162 1439 1206 1519 uti
1237 1455 1292 1520 illa

126 1547 302 1644 particula,
333 1577 430 1641 quam
461 1557 575 1638 aJentis
598 1576 667 1619 esse
689 1576 782 1618 nemo
805 1555 941 1639 ignorat.
984 1557 1098 1641 Itaque
1120 1556 1291 1640 legendum

125 1660 307 1745 putaverim

219 1814 289 1874 KP.
334 1803 487 1890 δράκοντε
509 1805 704 1894 καρχάρω
728 1831 785 1893 γε,
808 1803 993 1893 παγχράσιο
1014 1808 1114 1892 γένυν,

337 1901 462 1996 δώρημ’
487 1902 758 1988 Ἀθάνας-ΙΩ.
793 1897 813 1997 ἦ
835 1903 919 1974 τέκν’
946 1907 1130 1995 ἐντρέφειν,·
1152 1908 1235 1995 λέγε.

219 2016 286 2078 ΚΡ.
326 2003 540 2098 Ἐριχθονίου
564 2014 678 2096 γετοῦ
700 2007 809 2076 πάλαι
831 2013 1013 2094 μιμήματα.

127 2163 231 2229 Simili
260 2164 356 2230 modo
380 2166 609 2252 stichomythia
635 2165 856 2229 intermittitur
886 2167 919 2228 in
942 2163 1041 2250 Soph.
1063 2163 1112 2232 El.
1144 2190 1174 2230 v.
1198 2170 1290 2251 1209,

126 2289 198 2330 cum
226 2265 387 2331 antilabae
409 2270 563 2352 incipiant
590 2290 610 2331 a
638 2288 668 2329 v.
694 2267 785 2330 1220.
837 2265 877 2330 V.
902 2265 1064 2351 Lycophr.
1094 2290 1124 2331 v.
1149 2270 1191 2333 34
1214 2265 1290 2353 κάρ-

124 2390 223 2452 χαρος
245 2362 339 2433 κάων.

210 2468 249 2531 In
277 2468 388 2554 lyricis
417 2492 501 2556 quac
529 2480 723 2556 sequuntur,
749 2491 822 2533 cum
844 2495 874 2535 v.
901 2471 983 2534 1485
1012 2470 1121 2556 inepta
1148 2473 1190 2534 sit
1218 2493 1287 2536 sen-

126 2571 242 2652 tentia,
273 2570 335 2634 nisi
355 2570 456 2636 verba
481 2573 647 2655 instantis,
675 2583 712 2636 ut
735 2569 859 2636 Creusa
888 2593 970 2656 quac
999 2583 1127 2657 praeter
1156 2596 1195 2637 ea
1225 2575 1290 2637 sint
1372 2595 1376 2602 ·

125 2673 210 2736 facta
231 2683 357 2755 narret,
388 2695 457 2737 esse
479 2684 645 2759 putamus,
674 2673 766 2738 utin
787 2698 818 2738 v.
843 2676 926 2738 1348
948 2675 1034 2758 λέγε,
1057 2673 1195 2757 πέραινε
1212 2671 1290 2751 σοὺς

125 2767 239 2856 λόγους
262 2773 358 2856 (conf.
381 2773 453 2842 Hel.
477 2799 507 2842 v.
531 2777 617 2859 663),
638 2776 713 2839 inde
736 2775 892 2859 sequitur,
914 2777 1005 2838 utin
1027 2799 1058 2838 v.
1082 2776 1165 2840 1484
1186 2775 1288 2838 oratio

123 2872 265 2939 Creusae
286 2874 435 2940 absoluta
456 2897 607 2941 essenon
633 2879 741 2962 possit,
765 2877 822 2941 sed
843 2877 889 2940 ita
903 2878 1050 2940 instituta
1073 2898 1142 2940 esse
1164 2873 1288 2957 debeat,

123 2987 159 3041 ut
181 2977 253 3041 loni
276 2998 372 3062 quam
395 2977 568 3041 maximam
591 2981 706 3043 afferat
726 2980 1016 3064 exspectationem,
1047 2978 1087 3042 de
1108 2999 1232 3041 summa
1253 2998 1287 3039 re

124 3101 193 3143 sese
213 3081 279 3162 jam
303 3078 450 3143 edoctum
473 3081 523 3147 iri.
567 3081 704 3145 Accedit
724 3080 811 3167 quod
839 3073 1061 3164 κρυπτόμενον
1088 3077 1182 3160 λέχος
1210 3079 1288 3141 satis

123 3180 252 3245 videtur
272 3180 399 3245 insolite
423 3181 552 3264 dictum,
576 3203 648 3245 cum
669 3194 764 3268 poeta
785 3178 929 3266 κρυπτὸν
950 3182 1092 3267 potuerit
1114 3180 1230 3262 dicere,
1253 3190 1289 3243 ut

122 3285 156 3348 in
177 3309 207 3352 v.
233 3285 394 3351 731524.
417 3284 515 3370 Hipp.
533 3286 603 3349 154.
625 3282 674 3349 El.
692 3285 764 3348 922.
808 3283 923 3368 ltaque
946 3283 1034 3347 haud
1056 3284 1123 3347 scio
1146 3304 1186 3345 an
1210 3282 1287 3344 scri-

121 3385 263 3451 bendum
286 3387 326 3451 sit

374 3501 559 3590 κρυπτὸν
580 3504 655 3586 μὲν
675 3503 770 3585 λέχος
793 3496 960 3589 ηὐνάσθην
985 3543 1026 3549 —

122 3661 186 3725 qua
208 3663 243 3705 re
264 3642 375 3706 audita
397 3643 456 3707 Ion
477 3663 586 3706 morae
607 3643 778 3728 impatiens
800 3643 898 3704 instat

332 3771 422 3862 λέγ’·
446 3770 491 3856 τὸς
514 3776 599 3862 ἐρεῖς
621 3802 653 3842 τι
676 3771 787 3842 κεδνὸν
809 3767 936 3856 εὸιυχές
957 3776 993 3840 τέ
1015 3798 1084 3858 μοι.
1161 3775 1243 3838 1485

123 3907 279 3995 Κρυπτὸν
301 3924 407 3978 autem
430 3914 523 3994 λέχος
548 3903 716 3999 ηὐνάσθην
743 3913 942 3977 dictumest
968 3920 1005 3974 ut
1032 3912 1066 3973 in
1096 3908 1147 3979 El.
1170 3934 1201 3977 v.
1224 3909 1286 3973 247

122 4008 341 4100 ἐγημάμεσθ’,
372 4004 398 4078 τὸ
428 4015 526 4094 ξεῖνε,
556 4010 743 4097 θανάσιμον
766 4008 878 4097 γάμον.
918 4013 1059 4078 ¹Deinde
1083 4013 1117 4075 in
1144 4009 1285 4076 Creusae

120 4116 230 4181 verbis

418 4201 542 4288 δεκάτῳ
565 4202 603 4268 δέ
625 4224 661 4268 σε
682 4197 782 4285 μηνὸς
804 4199 838 4265 ἐν
860 4195 969 4286 κύκλῳ

416 4301 552 4393 κρύφιον
576 4295 667 4368 ὠδῖν’
695 4299 803 4367 ἔτεκον
827 4301 943 4389 Φοίβῳ
