2978 4950
210 296 349 397 10.

210 459 296 544 ἐρεῖς
327 452 378 526 b'o'
413 455 454 524 δν
476 458 580 544 λέγῃς.
630 459 704 528 Hel.
737 485 768 528 v.
800 461 882 526 1257
920 454 1051 541 ἀρκέσει
1090 454 1149 543 γὰρ
1187 450 1225 524 δν
1264 461 1377 547 διδῷς.

211 562 308 648 Soph.
332 561 412 626 Oed.
436 559 473 629 C.
504 585 535 625 v.
560 561 601 626 74
624 552 676 626 b'o'
703 552 742 624 dv
763 560 922 644 λέγοιμεν,
950 555 1057 626 πάνθ)
1084 554 1209 645 δρῶντα
1231 560 1377 644 λέξομεν.

210 664 293 730 Phil.
315 687 346 728 v.
360 665 443 729 1276
464 659 569 748 μάτην
591 657 651 745 γὰρ
674 650 715 726 δν
737 658 836 748 εἴπῃς
856 685 891 747 γε
913 655 1012 728 ποὶντ>
1038 659 1211 748 εἰρήσεται.
1256 663 1377 731 Aeseh.

211 765 305 830 Eum.
335 791 366 831 v.
391 767 431 830 33
462 761 683 846 μαντεύσομαι
713 752 774 847 yolo
805 758 848 842 ὡς
876 756 915 828 δν
946 759 1062 854 ἡγῆται
1093 761 1173 842 θεός
1202 765 1261 848 (sic
1290 767 1377 829 enim

210 889 269 952 pro
292 862 492 947 μαντεύομαι
517 867 635 930 codicis
651 866 737 931 Med.
756 865 1001 949 Kirehhoffius).
1039 866 1141 953 Saepe
1164 877 1270 930 autem
1291 888 1378 930 oom-

210 977 349 1033 mutatas
372 988 442 1032 esse
463 965 572 1030 literas
595 989 616 1031 σ
639 977 669 1031 et
688 967 705 1047 ζ
727 978 836 1032 notum
861 977 917 1047 est,
940 979 977 1032 ut
993 968 1090 1054 Soph.
1106 967 1223 1033 Traeh.
1247 993 1278 1034 v.
1302 970 1377 1035 534.

210 1071 289 1136 Phil.
311 1070 403 1135 1379.

181 1164 184 1170 ’
295 1172 342 1236 Ut
361 1171 437 1236 Solo
460 1168 646 1234 Platonicus
668 1169 779 1235 beatos
808 1170 1064 1256 praedicarem,
1092 1171 1148 1255 qui
1179 1170 1296 1235 liberos
1318 1169 1377 1234 ha-

211 1274 308 1338 beant
332 1276 378 1356 (in
401 1271 479 1357 Lys.
501 1294 532 1357 p.
550 1274 612 1336 212
636 1269 665 1332 E
688 1256 850 1358 δ’λβιοςῷ
879 1269 1001 1350 παῖδές
1021 1294 1055 1335 τε
1078 1271 1173 1361 φίλοι
1195 1272 1294 1354 κτλ),
1330 1274 1378 1335 εἰσ

210 1375 328 1440 eborus
351 1373 563 1458 Euripidem,
586 1372 648 1436 nisi
671 1373 757 1456 quod
780 1372 833 1437 hio
855 1371 1002 1437 utilitatis
1026 1385 1122 1457 atque
1150 1384 1302 1459 quaestus
1332 1375 1377 1437 vi·

209 1477 304 1542 detur
327 1475 505 1559 studiosior.
550 1472 784 1538 Praedioantur
806 1476 890 1538 enim
913 1474 954 1537 ab
977 1496 1014 1538 eo
1036 1474 1131 1538 liberi

575 1609 771 1694 διαδέκτορα
794 1611 935 1675 πλοῦτον

576 1703 619 1788 dg
642 1707 766 1790 ἕξοντες
788 1709 825 1776 ἐκ
847 1712 999 1796 πατέριον

575 1808 697 1897 ἑτέροις
720 1809 779 1878 ἐπὶ
801 1812 935 1894 τέκνοις,
1161 1812 1223 1876 480

212 1957 248 2011 ut
271 1956 517 2012 conservatores
538 1949 587 2012 rei
611 1948 788 2031 familiaris,
810 1949 988 2014 hereditate
1011 1970 1081 2012 eam
1104 1950 1268 2033 accepturi
1291 1943 1379 2031 (διά-

213 2050 307 2129 δοχοι
336 2042 478 2113 πλούτου
487 2097 495 2128 ,
528 2072 560 2113 v.
582 2049 653 2113 Alo.
686 2053 762 2134 655)
794 2061 892 2137 atque
918 2049 1077 2115 tradituri.
1130 2049 1194 2114 Sed
1224 2051 1378 2115 cuinam?

212 2151 297 2214 Num
319 2149 390 2214 aliis
412 2148 539 2231 liberis,
571 2162 605 2214 ut
627 2149 763 2234 legimus
792 2154 826 2215 in
857 2177 886 2218 v.
910 2150 997 2215 480?
1041 2151 1174 2216 Minime
1203 2173 1290 2218 vero.
1343 2151 1379 2216 Si

212 2254 297 2317 enim
319 2251 379 2316 hoo
401 2263 496 2337 poeta
518 2251 672 2316 voluisset
696 2252 813 2334 dicere,
835 2275 876 2315 ex
898 2252 1128 2317 consuetudine
1152 2275 1210 2316 sua
1232 2253 1379 2319 dicturus

213 2356 324 2419 luisset
354 2352 459 2436 ἕτεροι
488 2348 612 2436 ἑτέροις
642 2349 701 2417 ἐπὶ
730 2352 864 2431 τέκνοις.
915 2354 952 2418 V.
975 2351 1046 2418 Alo.
1079 2377 1109 2417 v.
1139 2355 1211 2421 893.
1257 2355 1378 2422 Baooh.

214 2482 241 2524 v.
259 2458 329 2521 905.
353 2455 474 2519 Phoen.
490 2479 520 2519 v.
537 2456 609 2518 830.
633 2455 690 2519 Or.
713 2477 744 2517 v.
761 2455 834 2519 979.
871 2453 964 2518 Oonf.
987 2453 1084 2518 Here.
1108 2478 1137 2518 v.
1158 2458 1249 2523 1084.
1272 2455 1379 2522 Andr.

109 2595 112 2600 ·
213 2581 244 2626 v.
268 2559 339 2622 802.
382 2555 463 2620 Ηεο.
484 2579 514 2621 v.
535 2558 606 2624 588.
643 2555 722 2618 Veri
745 2555 878 2620 similius
900 2564 949 2619 est
970 2567 1097 2641 poetam
1120 2556 1237 2639 dicere,
1260 2555 1379 2620 liberos

213 2669 397 2744 aceeptasa
417 2659 564 2744 patribus
580 2656 709 2721 divitias
732 2657 907 2721 tradituros
930 2679 999 2721 esse
1022 2659 1087 2722 suis
1110 2658 1260 2743 deinceps
1284 2659 1377 2740 natis,

211 2761 321 2844 itaque
343 2758 516 2844 legendum

525 2866 751 2956 σφετέροις
774 2865 848 2932 ἐπὶ
869 2856 1046 2946 τέκνοις.

298 3016 337 3081 In
360 3015 505 3079 diverbio
522 3014 623 3079 Xuthi
646 3025 678 3078 et
699 3015 795 3094 Ionis,
817 3014 902 3099 quod
926 3037 1024 3078 unum
1048 3037 1090 3077 ex
1111 3012 1285 3077 luminibus
1308 3013 1381 3076 dra·

215 3119 306 3182 matis
328 3117 424 3203 hujus
447 3138 516 3180 esse
538 3117 651 3180 merito
675 3117 813 3198 dixeris,
842 3116 980 3200 primum
1003 3115 1175 3198 legendum
1196 3115 1380 3199 putaverim

298 3265 341 3348 ὡς
364 3268 393 3333 δ’
418 3267 475 3334 ἐπ’
492 3263 658 3348 ἐξόδοισιν
680 3259 772 3344 ὄντος
793 3261 904 3332 τόνδ’
927 3260 1088 3349 ἀκούομεν
1110 3267 1224 3331 πολῶν
1273 3269 1335 3331 515

298 3371 422 3436 δοῦπον

212 3532 270 3594 pro
293 3501 402 3588 τῶνδ’,
432 3506 518 3592 quod
547 3506 580 3568 in
609 3504 701 3568 libris
725 3513 781 3569 est.
826 3504 954 3568 Deinde
985 3525 1057 3568 oum
1087 3504 1157 3568 fieri
1188 3526 1252 3568 non
1280 3507 1379 3590 possit

212 3613 290 3696 quin
313 3631 427 3673 versus
450 3607 511 3672 527
536 3616 687 3689 sequatur
711 3628 837 3669 versum
861 3609 933 3688 524,
957 3617 1078 3670 mutato
1094 3627 1246 3669 versuum
1266 3605 1379 3670 ordine

214 3734 292 3797 opus
316 3732 394 3784 esse,
417 3719 453 3773 ut
475 3730 603 3772 versum
627 3710 689 3773 522
712 3708 875 3792 excipiant
896 3731 927 3772 v.
950 3709 1012 3773 525
1035 3718 1067 3772 et
1090 3710 1159 3784 526,
1184 3707 1240 3772 hos
1263 3732 1292 3771 v.
1316 3711 1380 3773 523

212 3824 242 3877 et
259 3816 330 3895 524,
353 3835 382 3878 a.
399 3808 704 3875 MDOOOLXVIII
727 3810 761 3872 in
776 3808 858 3874 Nov.
871 3810 958 3873 Arm.
975 3808 1057 3872 Phil.
1081 3818 1103 3876 t.
1119 3808 1250 3874 XCVII
1272 3811 1379 3895 p..413

211 3937 232 3978 a
261 3937 312 3978 me
344 3914 595 3977 demonstratum
629 3923 685 3975 est.
732 3912 841 3996 Atque
871 3910 911 3974 de
938 3934 969 3978 v.
1002 3910 1132 3996 quidem
1163 3913 1226 3976 524
1255 3921 1288 3974 et
1315 3910 1378 3975 527

212 4015 297 4078 idem
327 4014 489 4098 judicavit
525 4013 715 4078 Theodorus
749 4012 844 4078 Koek
880 4013 914 4076 in
944 4011 1023 4076 Veri
1062 4011 1235 4094 similibus,
1269 4011 1317 4080 ed.
1350 4034 1378 4077 a.

212 4114 496 4181 MDOOOLXXII
521 4117 564 4200 (p.
588 4116 675 4198 252),
698 4114 895 4200 reliquorum
919 4114 1065 4178 ordinem
1088 4115 1181 4179 aliter
1204 4114 1377 4180 constituit.

211 4220 256 4281 At
286 4216 340 4282 illo
370 4217 465 4282 modo
495 4240 563 4282 rem
594 4217 701 4302 aptius
730 4219 784 4300 agi
814 4217 1004 4301 putaverim.
1058 4216 1144 4279 Dum
1174 4216 1258 4278 enim
1288 4214 1381 4279 binos

214 4330 316 4403 agunt
338 4339 449 4384 versus
473 4321 547 4402 (521
572 4329 604 4383 et
627 4321 698 4401 525,
721 4321 783 4382 522
806 4326 838 4381 et
857 4319 943 4401 526),
965 4314 1047 4380 alter
1068 4318 1201 4402 propius
1223 4315 1380 4380 accedens
